2740 4854
160 377 165 386 ι
190 311 248 358 ns
271 309 417 362 nacor
434 311 573 368 roser.
598 311 758 373 roure,
774 313 833 365 eu
850 313 987 378 sucu,
1075 293 1209 370 uxxu'r

35 479 116 544 multa
146 495 230 560 quse
255 473 406 566 lustinus,
431 475 531 548 'solus
566 475 751 545 memoriae
777 474 959 558 serravite·
987 477 1084 546 uelut
1116 497 1205 566 qous

36 561 124 630 statim
147 559 181 624 in
200 559 315 627 fronte
343 559 429 629 libri
448 557 585 626 XXIV.
607 563 651 628 de
678 561 816 632 incestis
844 563 1030 633 Ptolemaei
1058 559 1204 630 Cerauni
1323 597 1326 612 ·

36 661 60 712 et
75 645 226 712 Arsinoes
250 645 379 712 sororis
406 645 480 712 eius
506 647 650 736 nuptiis,
683 661 717 714 et
747 648 932 738 tragoediis
953 671 1017 716 -eas
1043 645 1204 718 insecutis
1319 702 1322 711 ,

35 732 164 823 legimus,
191 753 278 830 quse
299 731 436 818 quidem
456 733 554 798 unde·
568 733 720 808 desumto
739 733 823 817 sint,
857 735 950 802 haud
976 733 1076 804 lacile
1096 733 1206 817 dixe,-

34 820 77 884 n's.
109 815 264 882 Incidusse
285 829 399 882 tamen
424 815 460 886 in
482 817 668 884 Ptolemaei
689 818 788 886 huius
807 831 962 909 tempora
989 831 1121 886 constet
1143 815 1205 883 in-

34 917 124 993 gentes
144 899 318 972 Gallorum
339 901 562 991 migrationes
576 919 617 970 -et
635 903 672 969 in
697 904 946 988 Macedonium,
969 903 1148 973 Graeciam
1168 905 1204 969 et

32 990 126 1058 Asiam
144 987 366 1078 irruptionem
411 1011 471 1054 uss
487 989 651 1076 singulari
671 989 849 1078 diligentia
867 1011 911 1060 ex
937 989 1026 1059 osuit
1042 985 1204 1074 lustinus,

31 1090 60 1140 ut
81 1069 266 1160 scripdorem
298 1075 334 1140 ic
361 1097 398 1140 re
426 1098 463 1140 us
491 1073 631 1152 Gallicis
657 1075 872 1162 exponendis
907 1015 1204 1166 diligentissimum

32 1175 91 1224 autc
110 1161 217 1224 oculos
243 1158 415 1248 habuisse,
431 1159 600 1230 videatur.
642 1159 761 1230 Fuisse
784 1161 841 1230 hio
865 1159 1020 1240 videtur,
1050 1157 1204 1249 quisquis

30 1247 93 1325 luit,
120 1245 204 1312 idem
233 1269 335 1332 quem
356 1246 559 1312 Pausanias
583 1267 720 1334 quoque
744 1245 901 1318 iurabas
924 1243 1082 1326 Gallicis,
1118 1265 1205 1334 quas

32 1330 180 1420 aliquoties
201 1341 454 1414 commemorat,
477 1331 659 1418 exscripsit
668 1332 713 1412 ἢ.
756 1330 926 1400 Convenit
945 1331 1034 1398 euim
1049 1331 1204 1420 plerum-

31 1441 80 1504 que
103 1439 170 1481 cum
200 1414 333 1482 Iustino
360 1431 431 1483 tum
460 1417 500 1484 iu
524 1415 718 1484 nominihus
749 1416 890 1498 ducum,
930 1429 1003 1484 tum
1029 1415 1066 1482 in
1088 1437 1203 1483 rerum

31 1517 170 1590 gestarum
188 1502 401 1581 narratione,
425 1514 459 1568 et
482 1500 511 1568 si
532 1501 623 1570 forte
645 1501 768 1570 sintin
790 1503 914 1591 quibus
943 1525 963 1572 e
990 1525 1027 1569 se
1052 1497 1204 1570 invicem

31 1587 189 1662 discedant,
215 1589 273 1652 uel
294 1587 531 1668 librariorum,
564 1590 623 1656 vel
644 1587 750 1677 ipsius
771 1585 893 1667 Iustini
920 1586 1100 1656 socordiae
1119 1587 1203 1654 haee

30 1671 177 1738 tribuenda
197 1672 367 1740 videntur.
408 1676 598 1748 Auctorem
611 1686 734 1740 tamen
754 1695 851 1742 suum
871 1687 993 1740 neuter
1005 1669 1204 1756 nominavit,

30 1774 132 1823 etcum
151 1755 327 1828 Gallorum
357 1757 598 1843 expeditiones
623 1772 696 1826 tum
724 1782 746 1826 a
774 1781 890 1826 rernm
911 1757 1205 1828 Macedonicarum

29 1859 79 1908 tum
97 1843 321 1910 Asiaticarum
342 1843 585 1942 scriptoribus,
616 1846 712 1910 velut
732 1868 751 1909 a
772 1838 982 1934 Phylarcho,
1003 1843 1046 1910 ab
1070 1839 1211 1910 Hiero-·

28 1950 123 2027 nymo,
148 1943 182 2000 d
200 1929 276 1994 aliis
298 1943 477 2014 expositas
494 1951 574 2004 „esse
596 1928 792 2011 debuerint,
829 1943 930 2020 qoem
959 1951 1006 1996 ex
1026 1927 1069 1996 iis
1091 1925 1204 2015 potis·
1270 1961 1283 1996 2

30 2039 121 2078 sinum
140 2027 272 2080 secutus
296 2014 339 2080 sit
360 2013 516 2096 Trogus,
538 2036 608 2082 oon
629 2015 773 2104 amplius
793 2013 920 2105 liquet;
941 2014 1009 2084 ,etsi
1029 2037 1135 2082 uuum
1155 2036 1203 2080 ex
1310 2053 1319 2068 ·

28 2099 64 2165 his
80 2113 148 2166 ante
168 2101 286 2167 oculos
308 2123 385 2166 enm
403 2099 581 2183 hahuisse,
603 2116 734 2168 certum
752 2100 807 2168 sir.

88 2221 195 2287 Fuisse
222 2241 309 2288 vero
336 2233 467 2294 constat
494 2221 577 2288 haec
598 2231 752 2308 tempora
775 2243 834 2300 ea,
869 2221 906 2302 in
927 2219 1053 2312 quibus
1073 2217 1202 2311 Pyrrhi

29 2305 98 2392 Epiri
121 2309 210 2390 regis
238 2329 362 2372 nomen
394 2305 544 2372 maxime
573 2307 783 2396 splenderet,
824 2307 862 2380 in
894 2329 962 2398 quo
993 2297 1201 2375 celehrsndo

30 2393 88 2458 adeo
107 2377 260 2482 copiosus
282 2392 348 2458 luit
369 2389 524 2480 Trogus,
547 2407 584 2458 ut
606 2415 684 2460 eum
704 2393 923 2482 scriptorem,
944 2392 1007 2482 qui·
1025 2393 1136 2544 ample
1157 2389 1201 2457 de

30 2501 56 2541 eo
71 2481 196 2544 locutus·
211 2478 342 2558 luerat,
371 2491 448 2560 ante
469 2479 586 2544 oculos
607 2477 784 2560 habuisse,
815 2491 944 2545 certum
965 2479 1022 2545 sit.
1091 2479 1200 2550 loltos

29 2563 168 2652 historiam
188 2564 281 2654 regis
303 2561 401 2628 huius
422 2569 602 2644 tractasse,
638 2585 713 2628 oum
741 2575 777 2630 et
795 2587 912 2632 rerum
935 2561 1143 2638 Graecarum
1165 2575 1201 2627 et

29 2649 183 2718 Sicularum
205 2667 306 2738 atque
325 2647 516 2724 Italicarum
536 2647 719 2737 scriptores
740 2673 815 2714 eam
837 2649 1004 2739 attingere
1020 2649 1199 2731 deberent,
1241 2683 1244 2692 ·

29 2734 82 2799 rutis
101 2749 248 2815 constat,
278 2735 425 2822 ideoque
445 2755 603 2822 magnum
630 2734 698 2800 iam
718 2733 907 2800 dissensum
929 2735 1134 2824 scriptorum
1160 2733 1199 2800 io

30 2821 138 2904 pueritia
160 2821 253 2904 regis
274 2821 463 2886 enarranda
484 2825 724 2886 commemorat
737 2819 936 2888 Plutarchus
947 2821 1018 2905 aa),
1061 2819 1198 2886 Proro-

29 2907 124 2972 rathis
147 2892 355 2994 scriptorio
385 2905 457 2969 vita
478 2904 606 2994 Pyrrhi
659 2917 772 2984 raetos
794 2907 1006 2994 Dionysium
1036 2904 1195 2973 Halicar-

29 3015 164 3073 uasseum,
186 2991 222 3056 in
246 2991 342 3056 bellis
362 2989 524 3056 Romanis
548 2989 591 3055 ad
643 2993 873 3078 ieronymum,
896 2991 970 3057 sive
991 2990 1197 3060 Ouidianum

28 3075 76 3139 sive
95 3075 287 3159 alium⁶**),
335 3075 367 3139 ui
387 3075 473 3162 ipsis
496 3075 746 3142 commentariis
766 3075 870 3163 regiis
892 3097 963 3142 sese
977 3099 1076 3153 usum
1090 3075 1197 3150 luisse
1219 3089 1221 3096 ⁴

28 3162 279 3228 commemoravit.
354 3185 448 3228 erum
468 3173 646 3248 praeterea
671 3163 709 3227 ln
729 3161 857 3252 Pyrrhi
882 3153 985 3231 rebu‘s
1014 3183 1197 3250 exponen-

29 3247 62 3310 dis
78 3247 223 3336 inprimis
253 3248 420 3313 celebrem
446 3245 551 3316 fuisse
577 3247 736 3337 povimus
772 3247 953 3317 Timaeum
979 3247 1197 3328 historicum

28 3333 150 3418 quinon
175 3334 280 3410 modo
311 3331 350 3399 in
379 3331 502 3408 Siculis
537 3353 594 3406 eas
620 3333 796 3424 attigerat,
823 3333 884 3402 sed
910 3333 1000 3401 libro
1019 3332 1196 3424 singulari,

26 3523 197 3562 ..ιιι-μί*

54 3654 74 3731 *)
94 3651 219 3718 Peucon.
246 3675 318 3736 pag.
342 3659 416 3716 033.
443 3675 489 3738 sp.
539 3651 635 3736 Apud
661 3669 814 3738 utrumque
835 3649 902 3723 dux
927 3647 1094 3716 Gallorum
1112 3643 1195 3710 Bel-

81 3741 141 3820 gius
165 3743 198 3800 in
226 3738 458 3813 Macedonium,
487 3737 624 3802 Brennus
649 3741 681 3810 ufn
705 3737 872 3802 Graeciom‘
891 3742 1031 3821 irrupisse
1055 3730 1195 3800 traditur.

24 3893 25 3896 Ἴ
85 3823 138 3884 Sed
160 3819 263 3907 Belgis·
285 3825 511 3907 expeditionem,
534 3851 623 3911 quom
645 3828 763 3907 copiose
784 3825 922 3886 describit
944 3825 1082 3898 lustinus,
1105 3821 1195 3882 Pnu-

83 3913 176 3974 suuics
194 3913 300 3994 paucis
320 3928 432 3971 sonuum
453 3914 587 3994 attingit,
617 3911 698 3996 quod
724 3915 844 3998 proprie
864 3909 997 3974 Phocico
1024 3923 1194 3990 exponeret.
1233 3953 1237 3958 -

85 3997 126 4056 De
152 4001 236 4058 tertio
269 3995 428 4060 Gallorum
456 4001 589 4060 exercitu
609 4000 663 4066 sub
681 3993 847 4070 Aciehorio
875 3998 956 4083 opud
985 3989 1197 4068 laurisamni!
1251 4063 1256 4070 .

86 4089 333 4158 comnierucratur,
383 4120 385 4128 ν

54 4205 85 4279 *Ἴ
106 4203 254 4276 Plutarch.
282 4185 388 4302 tlpgl.
408 4229 481 4290 pag.
498 4207 573 4274 384.

58 4323 101 4410 so)
123 4327 196 4396 Vid.
224 4355 315 4416 supro
337 4353 410 4416 pag.
431 4327 611 4394 LXXVII.
633 4355 664 4394 η.
684 4330 723 4412 *)·
