2740 4854
17 331 22 342 .
146 271 255 370 a&
343 297 371 310 ss
468 258 1151 343 '·ommnmm''ss·

146 451 278 522 in'e'r'r'tis
299 453 454 522 derivata
475 452 584 538 este,¹
604 448 746 520 dubium
774 473 916 546 prorsus
944 472 1018 531 esse
1045 449 1175 540 nequit.
1219 443 1368 540 Reliqua

153 561 240 626 quae
262 553 446 629 sequuntur
466 539 630 607 nom'sine
651 539 763 606 fructu
785 543 900 628 leges,
942 544 1028 627 qua'e
1050 537 1080 603 si
1102 537 1179 603 cu'm
1200 537 1243 602 iis
1269 559 1368 601 com-

152 629 155 634 '
179 627 329 692 araveris
339 639 352 710 ‚'
388 642 474 716 quae
504 625 705 694 Plutarchus
732 627 767 694 in
788 625 923 716 Pyrrho
945 625 1063 704 babet,
1100 625 1243 688 alterum
1269 623 1368 686 alteri

145 648 263 778 lbcem
286 710 589 802 qu'asi'accendere
610 709 777 777 invenies.
820 709 964 778 Omneni
986 723 1095 774 autem
1119 710 1205 774 lianc
1228 730 1366 796 quoque

149 795 384 864 narrationem
411 795 635 896 Theopompi
653 795 827 888 ingenium
848 797 1013 884 prodere,
1032 792 1148 860 imile
1175 795 1366 891 intelligam

152 885 418 980 Theopompum
447 895 557 950 autem
585 899 620 948 m
647 883 848 972 Philippicis
876 883 976 968 regni
1009 878 1175 969 Epirotici
1210 880 1365 968 origines

144 969 321 1058 ettingere
343 967 519 1050 debuisse,
543 983 590 1033 ·et
611 969 720 1058 ipsum
744 970 843 1036 docet
863 965 1041 1032 consilium
1066 967 1197 1054 operis,
1234 979 1270 1030 et
1290 965 1366 1028 sra-

152 1057 288 1143 gmenta
311 1071 396 1142 qua'e
421 1077 467 1118 ex
487 1069 746 1141 compereunt,
770 1055 963 1120 ostendunt.
998 1050 1096 1140 Epiri
1118 1052 1207 1117 enirn
1229 1051 1364 1116 descri-

149 1141 303 1230 ptionem
327 1153 403 1202 etun
424 1139 641 1220 exhibuisse,
663 1155 698 1220 et
714 1155 830 1242 gentes
849 1161 922 1203 eam
937 1138 1122 1204 incolentes
1139 1149 1362 1216 enumerasse,

82 1279 86 1300 ,
145 1226 308 1292 ‘novimus
330 1247 376 1288 ex
399 1219 565 1290 Strabone
588 1227 638 1308 Ἰ,
675 1249 744 1314 qur
762 1225 835 1314 ipse
863 1223 901 1289 iu
928 1224 1015 1290 locis
1036 1224 1104 1290 illis
1127 1223 1362 1290 describendis

36 1395 43 1408 .
69 1338 71 1344 ·
148 1311 352 1378 auctoritate
373 1309 445 1376 eius
466 1333 544 1375 usus
566 1323 625 1374 eet.

722 1533 729 1548 ·
774 1495 803 1552 8.

170 1599 174 1604 ·
232 1573 272 1640 Iu
296 1576 387 1639 libro
409 1573 576 1662 sequenti
594 1483 768 1646 XVIIP,¹
792 1597 868 1641 cum
891 1573 933 1640 ad
955 1573 1083 1664 Pyrrhi
1109 1563 1166 1642 res
1188 1562 1301 1664 gestas
1327 1575 1360 1641 iu

148 1661 264 1738 ltalia,
302 1661 441 1746 eiusque
469 1661 505 1734 in
534 1661 692 1728 Siciliam‘
714 1661 894 1726 transitum
922 1675 1126 1745 perventum
1155 1666 1262 1742 esset,
1299 1663 1359 1728 hac

136 1746 327 1822 ,occasione
344 1759 423 1810 usus
439 1743 636 1828 historicus,
658 1771 713 1812 res
729 1745 1077 1832 Carthaginiensium,
1101 1761 1135 1812 et
1153 1747 1357 1828 Siculorum,

42 1883 45 1895 .
122 1831 304 1920 ¹inprimis
325 1851 410 1896 vero
433 1831 720 1920 Syracusanorum
743 1831 961 1896 illustrandas
985 1829 1051 1896 sibi
1073 1831 1209 1912 sumsit,
1260 1834 1358 1896 uibus

146 1939 210 1983 sea:
230 1922 387 2014 integros
406 1917 514 1981 libros
533 1917 613 1982 inde
634 1912 795 1982 aXVlIl.
816 1941 853 1981 us
880 1939 921 1982 ue
943 1913 1106 1987 adfinem
1128 1919 1208 1983 libri
1263 1917 1358 1983 Xlll.

101 2041 103 2047 ι
147 2004 350 2080 destinav1t3
381 2001 428 2065 ita
451 2016 488 2066 ut
510 2003 602 2067 libro
624 2001 752 2068 XVlll,
777 2016 809 2066 et
834 1941 930 2068 xlx.
954 2003 1170 2091 antiquitates
1193 2004 1357 2088 reipubli-

148 2111 205 2154 cae
230 2086 533 2171 Carthaginiensis,
569 2087 659 2154 libro
681 2087 763 2153 XX.
785 2089 1098 2176 veroGraecarurn
1120 2091 1154 2155 in
1178 2089 1274 2154 ltalia
1295 2115 1358 2154 ur-

118 2247 122 2254 ·
146 2174 249 2240 biurn·
264 2171 413 2272 origines
436 2187 641 2260 exponeret,
664 2174 700 2238 in'
717 2174 860 2264 reliquis
877 2197 960 2242 vero
976 2173 1073 2240 libris
1089 2175 1356 2262 Carthaginien-

145 2260 232 2326 'sium
256 2272 288 2321 et
311 2258 597 2346 byracusanorum
621 2259 795 2324 historiam
819 2283 923 2348 usque
946 2259 988 2324 ad
1010 2259 1240 2334 Romanorum
1265 2275 1355 2326 tem-

145 2366 229 2436 pora
250 2342 387 2408 iunctim
410 2346 570 2408 traderet.
611 2343 695 2412 Sunt
718 2345 753 2408 in
776 2343 828 2410 bis
852 2346 964 2427 multa,
987 2365 1072 2434 quae
1092 2369 1110 2411 a
1130 2345 1259 2412 Iustino
1281 2352 1354 2416 solo

144 2429 328 2509 merporiae
348 2441 478 2493 servata
500 2441 586 2509 sunt,
609 2430 757 2494 maxime
779 2423 878 2496 iniis
899 2455 985 2518 quae
1005 2433 1048 2496 de
1070 2431 1188 2518 primis
1206 2431 1354 2499 Cartba-

145 2515 351 2604 giniensium
380 2511 414 2577 in
445 2513 593 2577 Sieitiam
622 2529 656 2580 et
678 2515 867 2582 Sardiniam
893 2515 1190 2606 expeditionibus,
1227 2521 1369 2608 quibus

144 2601 247 2666 maris
264 2598 408 2686 imperio
429 2598 528 2686 potiti
549 2598 590 2664 ad
611 2613 739 2665 tantum
762 2603 933 2687 potentiae
951 2603 1121 2689 fastigium
1142 2599 1231 2670 rnox'
1243 2605 1353 2671 evecti

144 2699 232 2768 sunt,
254 2687 366 2750 babet.
397 2681 571 2765 Pertinent
594 2681 708 2772 itaque
729 2687 809 2751 baec
828 2688 946 2754 lustiui
969 2689 1010 2752 ad
1034 2684 1082 2767 ea,
1105 2713 1200 2777 quae,
1224 2690 1251 2754 si
1267 2717 1351 2780 quae

144 2773 227 2852 alia,
263 2769 365 2856 digna
388 2783 483 2844 suut,
526 2784 560 2834 ut
590 2769 627 2835 in
654 2793 769 2838 eorum
800 2774 1034 2860 auctoritatem
1062 2775 1161 2842 altius
1183 2776 1348 2864 inquiras3

144 2859 186 2924 ad
217 2855 360 2942 certiora
390 2869 502 2919 autem
531 2855 587 2924 bic
615 2857 816 2942 pervenire,
858 2857 923 2944 etsi
946 2859 1081 2926 dillicile
1103 2861 1165 2944 sit,
1202 2885 1272 2929 non
1294 2879 1351 2929 ta-

141 2965 218 3007 men
240 2945 338 3030 plane
358 2941 604 3028 desperandum
627 2942 773 3007 videtur.
817 2943 908 3024 Satis
928 2945 1017 3018 enim
1041 2961 1133 3011 certa
1154 2947 1237 3012 mihi
1262 2951 1367 3038 apud,

52 3059 82 3108 g
140 3027 303 3092 lustinum
326 3025 473 3112 vestigia
499 3027 761 3116 deprehendisse
783 3027 922 3110 videor,
959 3053 998 3095 ea
1026 3031 1113 3122 quae
1142 3035 1231 3120 apud
1256 3035 1350 3101 illum

139 3113 200 3178 lib.
224 3110 297 3176 XX
324 3123 356 3174 et
378 3109 477 3176 xxi.
504 3112 666 3211 legimus,
711 3128 745 3178 et
772 3113 844 3202 ipsa
874 3139 920 3180 ex
949 3113 1168 3207 Theopompi
1196 3119 1349 3188 historiis

139 3195 339 3286 Philippicis
360 3195 517 3276 fluxisse,
539 3211 731 3278 statumen,
755 3213 791 3263 ut
819 3200 958 3265 Timaei
978 3215 1116 3290 quoque*
1136 3205 1349 3290 auctoritate,

140 3307 239 3371 quem
266 3282 301 3346 in
324 3281 528 3368 Agathoclis
550 3283 650 3347 rebus
672 3305 748 3348 eum
770 3285 917 3350 secutum
941 3309 1013 3352 esse
1034 3277 1162 3354 certum
1186 3305 1256 3372 est,
1290 3293 1365 3362 ins

139 3371 270 3434 tendum
300 3389 378 3430 ustus
399 3367 511 3430 suerit.
553 3367 717 3450 Quamvis
740 3368 833 3435 'enim
862 3372 998 3438 Siciliae
1030 3397 1085 3440 res
1118 3395 1184 3441 non
1210 3379 1365 3465 propriel

139 3455 181 3520 ad
218 3451 410 3538 Philippum
444 3467 651 3538 spectarent,
699 3455 840 3521 intactas
873 3461 983 3524 tamen
1015 3461 1285 3547 praetermittere
1313 3465 1364 3540 iu¹

124 3559 244 3628 roperta
266 3557 327 3602 suo
350 3541 448 3624 plane
472 3559 538 3603 non
565 3539 691 3627 potuit,
728 3565 802 3606 cum
832 3567 886 3608 res
916 3545 1057 3611 omnino'
1081 3545 1231 3634 Philippi
1264 3555 1364 3616 aevol

139 3639 250 3727 gestas
278 3623 498 3708 exponendas
527 3625 593 3688 sibi
622 3625 812 3714 sumsisset,
849 3629 883 3693 in
912 3632 1002 3717 quod
1033 3633 1154 3696 cadunt
1187 3633 1363 3724 Dionysii,

137 3709 283 3778 iunioris
298 3721 470 3798 tempora,
492 3707 613 3776 Dionis
629 3725 662 3776 et
679 3735 763 3778 mox
779 3712 1005 3782 Timoleontis
1027 3719 1267 3807 expeditiones
1281 3724 1345 3810 ll).

179 3951 210 4032 1’)
234 3951 334 4012 Str-od.
356 3953 432 4016 494.
461 3995 468 4016 s

180 4054 220 4137 **)
250 4052 444 4116 Timoleontis
468 4055 623 4122 historiam
650 4083 803 4144 enarrasse
836 4044 1053 4150 Respompom
1080 4083 1162 4151 patet
1190 4093 1233 4134 ex
1263 4067 1342 4136 Plut-

228 4139 286 4242 Op.
307 4141 332 4204 I.
355 4167 427 4224 pag.
449 4149 522 4206 237.
565 4144 693 4207 Iustinus
719 4147 915 4234 Timolepntis
935 4179 1039 4234 nomen
1063 4152 1219 4242 appellare
1239 4156 1344 4242 negle-

223 4242 291 4305 ωας
324 4228 376 4288 sed
400 4229 533 4311 Trogum
553 4253 667 4292 omnem
689 4231 763 4296 delli
781 4237 819 4298 ab
841 4245 967 4324 regesti
985 4243 1142 4306 historiam
1163 4249 1360 4330 capessisse„

107 4349 115 4360 ·
225 4309 311 4374 docet
327 4311 473 4401 prologus
492 4312 566 4382 libri
584 4317 682 4384 XXI.
1245 4385 1249 4401 Χ
1354 4313 1360 4497 l
