2786 4856
211 241 354 361 ‘268
507 265 543 318 '·
688 277 1036 363 'gnusrsur

249 472 387 552 2regna
400 459 529 528 ineunt.
571 459 640 532 Sed
651 459 855 529 Parthorum
875 460 1014 530 fertum
1028 460 1162 530 felicior
1177 465 1217 530 ad
1231 490 1337 538 sunum

194 641 200 664 .
251 567 347 632 dboc
376 566 462 634 duce
492 559 629 656 imperii
650 563 824 652 fastigium
844 585 902 631 eos
923 565 1099 654 perduxit.
1141 567 1289 636 Bactriani
1303 598 1337 639 au-

281 685 434 758 temper
455 668 553 737 varia
572 669 662 736 bella
682 667 817 748 iactati,
844 691 914 735 nou
936 691 1076 756 regnum
1097 681 1239 754 tantum,
1268 699 1336 742 vern

281 774 384 842 etiam
411 773 603 840 libertatem
632 772 837 839 amiserunt:
871 772 1038 861 siquidem
1073 771 1335 862 ,Sogdianorunet

280 878 547 960 Arachotarum,
561 891 595 942 et
609 873 882 962 Drangianorum
898 875 1127 966 Indorumque
1144 878 1234 943 bellis
1250 880 1350 967 fatigati„

279 979 326 1050 sd
345 994 555 1070 postremum
577 981 620 1046 ab
640 979 905 1046 invalidioribus
926 979 1076 1062 Parthis,
1091 979 1184 1052 velut
1199 977 1350 1071 exsangui,l

248 1083 436 1173 (oppressi
449 1095 535 1150 sunt.
558 1083 663 1149 Multa
681 1098 793 1152 tamen
806 1081 1005 1148 Euoratides
1021 1083 1111 1148 bella
1132 1097 1245 1172 magna
1261 1086 1334 1151 virtue

279 1188 406 1276 gessit:
441 1186 563 1272 quibus
593 1187 746 1267 attritus,
775 1211 851 1251 cum
879 1185 1093 1251 obsidionem
1115 1187 1266 1255 Demetrii
1287 1190 1333 1276 regis

251 1315 256 1325 ·
278 1293 442 1358 ludorum
465 1304 647 1378 pateretur,
664 1315 738 1356 cum
757 1289 917 1354 trecentis
935 1288 1102 1355 'militibus
1123 1293 1280 1380 sexaginta
1293 1294 1334 1354 uil-

277 1397 325 1462 lia
353 1393 501 1462 hostium
538 1393 689 1458 adsiduis
723 1391 956 1482 eruptionibus
983 1391 1078 1458 vicit.
1124 1394 1243 1477 Quinto
1271 1394 1350 1481 itaqu}

244 1511 390 1570 bmense
424 1497 604 1578 liberatus¹
643 1495 775 1562 Indiam
810 1496 848 1561 iu
883 1508 1086 1583 potestatem
1114 1497 1248 1584 redegit.
1280 1497 1350 1572 Uuls}

279 1628 355 1672 cum
380 1624 417 1668 se
438 1598 623 1685 reciperet,
645 1619 665 1662 a
686 1596 776 1679 lilio,
807 1621 909 1686 quem
931 1598 1059 1664 socium
1079 1601 1178 1688 regni
1198 1600 1332 1679 feceratis

275 1707 402 1774 itinere
424 1700 645 1769 interficitur:
677 1700 736 1788 qui
757 1722 825 1765 oon
847 1700 1059 1768 dissimulato
1079 1703 1267 1792 parricidio,
1282 1685 1350 1767 uelut¹

249 1822 255 1834 ‘
276 1813 427 1890 hostem,
455 1829 524 1873 non
544 1816 676 1893 patrem
698 1801 945 1884 interfecisset,
973 1817 1007 1869 et
1028 1829 1088 1893 per
1110 1808 1281 1895 sanguinem
1296 1806 1331 1869 eiu

247 1903 414 1982 bonrrum
428 1910 509 2002 egit,
526 1921 560 1972 et
574 1927 697 1995 corpus
713 1905 814 1972 abiici
832 1905 1035 1996 insepultum
1056 1907 1167 1975 iussit.
1206 1911 1277 1976 Dum
1289 1912 1332 1973 lau

278 2017 368 2108 apud
389 2015 531 2082 Bactros
553 2023 732 2098 geruntur,
775 2008 914 2076 interim
941 2011 1033 2076 inter
1062 2011 1203 2078 Parthos
1222 2028 1249 2078 et
1266 2013 1331 2076 lledu

247 2129 250 2150 ⁶
275 2123 404 2193 bellum
424 2116 541 2183 oritur.
586 2113 670 2180 Cum
690 2111 807 2178 varius
828 2113 1003 2204 utriusque
1023 2117 1144 2204 populi
1161 2141 1245 2183 casus
1257 2116 1330 2194 luisset

247 2223 325 2292 'lad
351 2235 559 2312 postremum
580 2215 726 2282 victoria
754 2237 858 2302 penes
887 2215 1029 2284 Parthos
1057 2219 1134 2286 fuit.
1177 2220 1232 2286 llis
1253 2220 1331 2286 virilu

277 2339 392 2393 auctus
419 2319 655 2400 Mithridates,
692 2318 825 2401 Mediae
853 2317 997 2387 Bacasiu
1024 2324 1217 2412 praeponit:
1250 2321 1330 2413 ipsein

155 2517 161 2526 .
198 2477 201 2484 ι
244 2426 484 2518 8Hyrcaniam
518 2422 751 2512 proficiscitur.
804 2422 905 2490 Unda
943 2449 1121 2508 reversus,
1161 2429 1268 2493 bellum
1288 2447 1329 2490 cun

273 2533 519 2621 Elymaeorum
540 2547 621 2613 rege
643 2527 765 2614 gessit:
787 2550 854 2618 quo
876 2527 982 2606 victo,
998 2530 1084 2596 bano
1104 2553 1233 2620 quoque
1251 2542 1329 2619 genten

272 2656 380 2724 regno
401 2627 540 2710 adiecit,
569 2628 815 2718 imperiumque
836 2629 1037 2698 Parthorum
1059 2657 1079 2698 a
1097 2649 1209 2700 monte
1229 2635 1329 2706 Caucaso,

273 2737 388 2806 multis
409 2732 543 2824 populis
564 2732 599 2797 in
616 2731 779 2799 ditionem
794 2735 950 2815 redactis,
968 2735 1073 2824 iusque
1093 2737 1215 2803 flumen
1229 2733 1328 2822 llupl'ra-

242 2851 329 2910 9ten
351 2839 511 2930 protulit3
533 2849 632 2924 atque
653 2835 702 2902 ita
723 2837 864 2908 adversa
885 2840 1079 2905 valetudine
1101 2855 1271 2928 correptus,
1291 2859 1329 2902 nou

273 2945 385 3012 minor
406 2943 537 3008 Arsace
558 2959 701 3032 proavo,
724 2940 874 3030 gloriosa
895 2957 1067 3009 senectute
1084 2945 1231 3011 decessit.

627 3120 699 3160 mv.
722 3120 812 3162 utcu.
835 3121 957 3164 osset.
1033 3180 1038 3194 Ι

128 3317 132 3336 .
246 3349 252 3354 ¹
303 3277 398 3342 ,0Λῆ
419 3300 469 3344 vu.
490 3273 517 3356 l.
540 3279 572 3335 3.
617 3271 839 3354 Sogdianorum
853 3292 879 3335 et
895 3277 1159 3364 Draugiunorum:
1179 3279 1276 3344 omissis
1287 3291 1329 3357 quo

614 3391 687 3438 sunt
706 3379 895 3460 interposita.

493 3485 519 3568 §-
543 3487 573 3544 8.
617 3506 707 3566 usquc
724 3481 874 3569 adflum.
899 3485 1146 3572 Euphratem.

490 3591 518 3676 l.
541 3595 573 3654 9.
611 3583 754 3650 senectute
773 3587 939 3656 decedit·
