2740 4854
168 341 171 352 Ι
266 249 317 322 10
405 287 430 322 η
580 309 585 318 ,
682 251 1123 328 suasurus·

1001 399 1008 436 l

265 457 390 526 volum
412 477 503 524 eous
524 440 685 526 iusserit.-
714 471 756 524 us
773 433 1032 544 beneficiando
1052 469 1210 534 seruatus
1224 458 1278 520 sit:
1300 475 1329 524 us

238 565 387 648 9regem
404 559 619 648 offenderit:
642 577 683 626 ue
695 561 819 648 filium
840 561 1013 626 amiserit.
1055 557 1232 628 Hortatur.
1254 582 1329 624 exer.

267 667 374 729 citum
395 681 517 750 porat,
543 680 578 730 et
597 685 753 749 pronam
773 663 824 728 ad
845 687 993 752 reguum
1011 665 1110 728 viam
1124 661 1329 750 ingrediatur,

217 766 445 832 toMedorum
466 767 706 834 transitionem
728 767 908 854 pollicitus.
962 766 1124 854 Epistola,
1156 765 1229 853 quia
1248 769 1330 853 palam

267 869 353 936 ferri
373 869 553 958 nequibat,
574 871 664 959 regis
683 869 881 938 custodibus
903 892 1020 938 omnes
1042 869 1154 934 aditus
1177 869 1331 951 obsidenti·⁸

168 1039 172 1050 .
263 973 340 1050 bus,
363 987 561 1040 exenterato
581 973 692 1062 lepori
706 973 887 1056 inseritur,
908 974 1069 1061 lepusque
1085 971 1122 1036 in
1138 968 1249 1038 Persas
1264 971 1330 1060 Cyro

262 1071 441 1158 serendus,
481 1077 552 1144 fido
575 1099 677 1144 servo
699 1077 864 1160 traditur:
885 1076 1002 1144 addita
1021 1077 1124 1159 retia,
1143 1090 1183 1142 ut
1200 1076 1256 1152 sub
1273 1079 1340 1162 spel

200 1173 201 1182 ’
263 1176 315 1244 oie
336 1178 530 1246 venationis
552 1181 651 1246 dolus
673 1182 803 1246 lateret.
1173 1235 1176 1246 .
1340 1190 1341 1266 l

236 1289 251 1344 t
340 1281 438 1348 Car.
468 1306 519 1349 vs.
551 1282 669 1350 Lectis
700 1283 759 1350 ills
787 1283 958 1372 epistolis,
992 1283 1108 1353 eadem
1141 1281 1265 1348 somnio
1288 1269 1341 1358 att-l

265 1386 371 1474 gredi.
384 1386 495 1452 iussus
518 1401 590 1452 est:
613 1386 672 1453 sed
694 1384 934 1474 praemonitus,
956 1400 993 1452 ut
1015 1410 1116 1475 quem
1136 1385 1272 1474 primum
1287 1389 1341 1472 [10⁴³

264 1504 354 1554 atera
376 1489 432 1556 die
452 1489 593 1556 obvium
621 1483 813 1570 habuisset,
842 1488 972 1556 socium
1003 1489 1135 1576 coeptis
1167 1488 1331 1554 adsumeret.

235 1591 374 1681 2lgitur
402 1595 601 1658 antelucano
629 1605 783 1679 tempore
809 1592 882 1658 ruri
913 1593 980 1659 iter
1008 1594 1198 1679 ingressus,
1225 1592 1342 1658 obvium:

154 1765 158 1777 ‚
263 1694 382 1760 habuit
404 1718 539 1760 servum
554 1695 602 1760 de
625 1695 796 1784 ergastulo
820 1693 992 1760 cuiusdam
1015 1696 1117 1777 Medi,
1141 1695 1269 1761 nomine
1285 1695 1334 1782 sy-

235 1799 378 1866 ?sbaren.
427 1797 536 1864 Huius
563 1796 726 1886 requisita
760 1797 913 1886 origiue,
945 1812 983 1865 ut
1008 1799 1045 1865 in
1075 1799 1191 1865 Persis
1218 1799 1343 1886 genituul

263 1901 412 1983 audivit,
435 1901 557 1966 demtis
577 1899 810 1990 compedibus,
832 1901 1058 1990 adsumtoque
1080 1902 1220 1982 comite,
1240 1889 1343 1966 Perse-¹

236 2005 591 2095 dpolin'regreditur.
639 2003 693 2071 lbi
722 2018 911 2072 convocato
940 2007 1084 2092 populo,
1124 2005 1219 2071 iubet
1247 2025 1334 2070 omrtet

263 2126 409 2200 praesto
434 2131 513 2172 cum
534 2109 716 2172 securibus
734 2107 878 2178 adesse,
907 2126 942 2172 et
958 2109 1085 2174 silvam
1109 2113 1198 2175 viae
1217 2106 1344 2198 circum-l

236 2213 394 2280 udaeam.
416 2209 594 2276 excidere.
647 2209 747 2293 Quod
770 2235 846 2278 cum
867 2224 1002 2277 strenue
1023 2209 1205 2294 fecissent,
1231 2213 1334 2278 eosdem

170 2313 172 2320 '
235 2327 398 2406 opustera
420 2312 477 2380 die
500 2311 672 2400 apparatis
692 2313 800 2399 epulis
820 2313 960 2380 invitat:
982 2313 1106 2380 deinde
1130 2338 1207 2384 cum
1221 2313 1335 2380 alacrio-

262 2419 416 2508 ressipao
440 2415 608 2496 convivio,
621 2415 730 2480 factos
744 2414 888 2496 videret,
917 2431 1024 2506 rogat,
1046 2423 1077 2484 si
1097 2417 1256 2484 conditio
1271 2440 1335 2505 pro-

256 2539 435 2612 ¹patratur,
458 2523 575 2584 utrius
597 2522 694 2586 vitae
712 2536 844 2584 sortem
873 2522 1011 2608 legant,
1042 2520 1203 2586 hesterni
1222 2522 1345 2588 laboris.

266 2651 314 2691 an
336 2626 582 2713 praesentium
605 2619 821 2709 epularum?
849 2623 1112 2708 Praesentium,
1142 2639 1179 2690 ut
1202 2628 1336 2690 acclama·

261 2753 346 2798 vere
363 2749 498 2808 omnes3
522 2726 579 2805 ait,
601 2726 768 2790 desterno
789 2729 939 2792 similem
961 2727 1079 2790 labori
1097 2750 1237 2792 omrzem
1250 2731 1337 2792 vitam

238 2911 242 2920 .
263 2851 427 2902 acturos,
452 2829 577 2917 quoad
595 2827 716 2894 Medis
736 2847 919 2916 pareant:
943 2852 981 2894 se
999 2847 1159 2900 secutos,
1183 2831 1338 2895 hodiernis

214 2938 394 3024 7.8epulis.
437 2931 549 2998 Laetis
572 2931 739 3012 omnibus,
769 2931 1016 3010 Medisbellum
1038 2932 1152 2998 interr.
1195 2937 1338 3022 Astyages

262 3037 376 3103 meriti
410 3036 462 3102 eui
490 3035 527 3101 in
556 3035 752 3122 Harpagusn
781 3035 924 3116 oblitus,
954 3059 1116 3102 summam
1147 3037 1228 3102 belli
1256 3036 1339 3100 eiden

236 3138 460 3206 9committit:
487 3139 551 3228 -qui
569 3138 758 3204 exercitum
774 3150 947 3224 acceptum
964 3139 1075 3206 statim
1093 3139 1189 3230 Cyro
1206 3163 1263 3227 per
1278 3159 1339 3226 pro-

265 3243 427 3310 ditionem
443 3241 595 3320 tradidit,
617 3239 774 3328 regisque
790 3241 1023 3308 crudelitatem
1041 3241 1339 3329 perfidiadel'ectio·

216 3344 522 3415 tonisulciscitur.
550 3423 554 3432 μ
579 3342 681 3428 Quod
711 3343 769 3408 ubi
799 3345 975 3434 Astyages
1004 3347 1152 3429 audivit,
1189 3341 1340 3414 contractis

186 3501 190 3511 .
262 3448 412 3537 undique
435 3447 583 3530 auxiliis,
606 3447 681 3535 ipse
701 3446 738 3536 iu
758 3446 877 3514 Persas
902 3448 1141 3537 proficiscitur:
1165 3463 1199 3516 et
1220 3447 1340 3539 repetito

620 3625 692 3668 mv.
716 3628 808 3668 LECT.
836 3629 958 3673 GRAEV·

257 3786 337 3850 Cur.
356 3806 390 3847 v.
432 3785 456 3860 §.
480 3788 530 3844 10.
553 3783 782 3843 exinterato
805 3779 912 3865 lepori.

256 3887 453 3964 Cur.v1.§.
474 3893 506 3949 2.
527 3885 681 3969 Syburem.
984 3871 988 3880 ⁴

423 3993 448 4068 §·
470 3997 502 4054 3.
526 3989 721 4074 Persepolim.

422 4097 449 4172 §.
472 4097 503 4158 4.
521 4119 588 4156 oum
607 4094 757 4156 securibus
776 4116 865 4154 esse.

423 4201 448 4276 ᾗ.
469 4201 504 4262 5.
520 4205 681 4284 postero
702 4198 761 4260 die.

423 4305 453 4382 ξ.
475 4309 505 4370 9.
531 4301 608 4390 Cyro
627 4329 681 4388 par
702 4302 942 4367 deditionem
962 4303 1096 4369 tradidit.
1123 4347 1125 4351 -
