2786 4856
462 344 885 419 ·ttuuoo1'
1143 348 1221 426 VD
1351 385 1357 405 =

69 515 364 588 Lacedaemonios
387 519 571 588 certamine
592 537 680 594 orto.
700 563 702 568 ,
723 525 858 596 Bellum
878 553 1013 602 rursum
1034 535 1203 608 iuliace-

70 620 181 714 donia
201 635 332 730 gestum
353 645 374 690 a
396 619 558 692 Romanis
582 649 659 696 cum
684 627 986 734 Pseudophilippo.

329 903 334 909 ἢ
362 791 609 918 Ῥιιοιοιιιιε
639 825 768 891 L1nn1
797 827 971 899 XXXIV.

65 1015 68 1020 -
159 975 289 1060 Quarto
311 991 345 1043 et
365 976 538 1046 tricesimo
554 981 729 1049 volumine
750 979 966 1054 continentur
983 989 1077 1057 haec.
1113 987 1199 1062 Bel-
1309 1051 1312 1056 .

69 1079 141 1146 lum
161 1078 366 1161 Achaicum,
389 1082 482 1169 quod
506 1083 647 1152 Romani
670 1111 732 1176 per
751 1087 924 1156 Metellum
945 1105 979 1158 et
999 1093 1197 1164 Mummium

67 1195 220 1268 gessere·
254 1205 322 1267 quo
344 1183 458 1251 diruta
479 1199 531 1252 est
553 1185 747 1259 Corinthus
787 1191 920 1276 Bellum
947 1196 1038 1280 regis
1065 1197 1197 1264 Eume-

65 1285 121 1351 nis
140 1308 215 1351 cum
232 1283 480 1376 Gallograecis,
503 1304 538 1357 et
557 1291 594 1356 in
614 1291 742 1360 Pisidia
764 1317 840 1362 curn
861 1296 1090 1385 Selgeusibus.
1123 1295 1193 1370 Res
1289 1327 1301 1390 ς

66 1411 152 1477 quae
175 1389 280 1478 gessit
301 1391 423 1480 Syriae
447 1417 514 1460 rex
534 1371 748 1480 Antiochus,
785 1413 818 1464 et
838 1423 905 1466 rex
926 1401 1081 1491 Aegypti
1107 1403 1195 1472 Pto·
1285 1417 1293 1455 ⁶

62 1492 226 1559 lemaeus.
274 1491 475 1584 Repetitae
485 1497 567 1565 iude
602 1499 753 1589 origines
787 1525 907 1591 regum
942 1503 1193 1594 Cappadocum.

61 1594 116 1662 Ut
144 1611 277 1664 mortuo
305 1597 481 1690 Epiphane'
506 1599 721 1682 Ptolemaeo,
756 1605 869 1676 relicti
897 1608 940 1672 ab
968 1629 1010 1674 eo
1039 1608 1101 1674 filii
1122 1609 1192 1688 duo

61 1697 274 1768 Philometor
295 1715 329 1768 et
348 1701 550 1789 Euergetes,
579 1702 727 1791 primum
749 1726 826 1771 cum
845 1710 1021 1778 Antiocho
1042 1713 1191 1780 habuere

60 1800 206 1896 bellum,
242 1803 336 1892 quod
356 1827 417 1892 per
437 1803 612 1871 Romanos
631 1804 774 1872 finitum
786 1819 854 1872 est.
883 1807 1043 1876 deinde'
1032 1828 1122 1880 rnter
1141 1839 1188 1899 se,
1267 1858 1277 1870 .

60 1927 132 1994 quo
152 1906 263 1974 maior
284 1919 334 1972 est
357 1905 536 1996 expulsus3
564 1907 808 2014 restitutoque,
829 1909 1007 1977 Romani'
996 1927 1087 1978 rnter
1112 1915 1187 1984 fra·
1244 1936 1249 1948 ‘

58 2021 133 2076 tres
160 2009 266 2098 regua
290 2009 488 2078 diviserunt.
525 1988 579 2080 Ut
600 2029 734 2078 mortuo
755 2031 836 2103 rege
857 2013 982 2105 Syriae
1000 2015 1188 2102 Antiocho,
1230 2025 1236 2032 ’

56 2111 257 2180 Demetrius
291 2115 495 2204 cognomine
523 2116 641 2197 Soter,
682 2104 748 2204 qui
776 2115 907 2183 Romae
933 2115 1046 2184 suerat
1075 2121 1212 2208 obses,
1253 2169 1256 2176 ι

57 2219 145 2284 clam
173 2217 278 2306 lugit3
320 2233 549 2309 occupataque
583 2215 702 2306 Syria,
738 2220 863 2286 bellum
892 2244 969 2287 cum
998 2217 1185 2308 Timarcho

56 2317 237 2387 Medorum
258 2345 341 2412 rege
361 2323 498 2406 hahuit,
528 2321 713 2389 Ariarathe
735 2346 816 2409 rege
844 2323 1092 2418 Cappadocum.
1132 2319 1184 2396 Ut
1228 2334 1235 2344 '

54 2423 171 2491 hahita
200 2425 297 2492 iuter'
316 2425 524 2494 Ariarathen
552 2439 586 2492 et
613 2427 838 2514 Orophernen
866 2427 963 2516 regni
990 2430 1183 2498 certamina.
1322 2483 1324 2490 .

55 2525 104 2596 Ut
125 2543 261 2598 mortuo
281 2553 364 2620 rege
385 2529 494 2598 Asiae
513 2526 683 2613 Eumene,
713 2527 873 2594 suffectus
894 2531 1033 2597 Attalus
1054 2533 1181 2601 bellum

51 2655 131 2702 cum
154 2633 370 2724 Selgeueibus
391 2632 528 2718 habuit,
548 2645 583 2700 et
604 2655 679 2702 cum
699 2656 781 2722 rege
801 2631 932 2700 Prusia.

231 2893 236 2911 ,
364 2827 586 2894 Pncnoous
612 2813 742 2894 Lrnnr
774 2825 928 2892 XXXV.

137 2958 266 3054 Quinto
288 2977 322 3032 et
339 2947 511 3035 tricesimo
531 2967 704 3035 volumine
720 2967 936 3034 continentur
950 2964 1044 3033 haec.
1088 2963 1175 3034 Bel·

50 3075 118 3140 lum
142 3070 323 3162 piraticum
343 3069 433 3138 inter
447 3069 566 3138 Cretas
586 3087 620 3138 et
634 3069 806 3139 Rhodios:
834 3067 957 3136 seditio
976 3067 1176 3138 Cnidiorum

51 3177 233 3244 adversum
261 3174 489 3244 Ceramenses.
534 3173 579 3241 Et
615 3175 777 3242 adversus
813 3171 1023 3240 Demetrium
1052 3173 1173 3242 Sotera
1276 3185 1279 3197 '

50 3282 255 3347 subornatus
272 3291 323 3344 est
333 3277 543 3362 Alexander,
563 3292 733 3367 tamquam
752 3277 885 3366 genitus
898 3277 1076 3366 Epiphanc
1090 3277 1173 3342 An·
1220 3283 1223 3288 “
1309 3321 1316 3338 .

49 3383 183 3450 tiocho·
223 3403 314 3471 quo
327 3382 418 3448 bello
445 3383 556 3450 victos
589 3381 802 3464 Demetrius,
842 3380 990 3449 invisum
1027 3379 1170 3447 stultitia

48 3486 288 3554 Alexandrum
314 3485 405 3552 hello
433 3483 537 3562 vicit.
572 3485 756 3553 adiuvante
779 3486 972 3571 Ptolemaeo
991 3483 1169 3552 Philome-

48 3603 141 3687 tore,
161 3589 221 3688 qui
241 3611 283 3655 eo
296 3584 428 3660 hello'
416 3586 556 3655 interiit.
597 3586 646 3656 Ut
660 3587 784 3654 deinde
799 3601 874 3656 orta
887 3587 1071 3656 Demetrio
1076 3585 1168 3654 helle

47 3692 116 3759 sint
143 3716 218 3760 cum
245 3691 397 3760 Diodoto
425 3689 633 3780 Tryphone.
651 3685 896 3782 expulsosque
925 3714 945 3756 a
952 3689 1168 3781 Tryphone

46 3815 153 3884 regnu
181 3793 302 3884 S'yriae
329 3793 534 3869 Demetrius.
573 3779 713 3886 Repetit
738 3795 819 3862 inde
846 3793 1032 3882 superioris
1058 3785 1185 3860 Αιίιιιι

47 3913 155 3967 motus
175 3897 284 3966 iactos
303 3920 367 3988 per
387 3899 556 3968 Aretenm
575 3911 611 3967 et
629 3899 786 3966 Arsacen
806 3897 977 3966 Parthum·
1229 3905 1233 3910 '

354 4095 578 4160 Pronnaea
603 4095 732 4158 Lunx
759 4091 932 4157 XXXVI.
1011 4133 1014 4138 -

127 4231 234 4302 Sexto
262 4247 324 4300 et
317 4231 495 4312 tricesimo
522 4227 697 4300 volumine
724 4230 938 4301 continentur
963 4229 1057 4295 haec.
1111 4224 1161 4298 Ut

45 4329 206 4472 Trypho,
228 4301 327 4492 pulso
348 4335 451 4429 Syria
468 4333 668 4420 Demetrio,
686 4349 852 4424 captoque
872 4355 892 4399 a
910 4329 1059 4414 Parthis,
1078 4331 1162 4399 hel
