2708 4858
229 251 304 330 196
391 325 399 334 ,
611 201 1031 352 ιυιτ,ι,ωἰ “

206 440 341 506 ldabat
368 440 547 528 adquirere
574 439 735 529 imperia,
775 465 876 529 quem
912 441 1072 510 retinere.
1126 439 1241 527 Itaque
1271 461 1324 503 cun

238 544 352 632 copias
376 545 592 612 Cherroneso
613 543 890 632 transposuisset,
909 529 1137 632 legationibus
1159 543 1324 608 Athenien-

206 648 340 729 hairum,
363 661 396 734 et
416 649 651 729 Achaeorum,
672 647 986 735 Messeniorumque
1007 645 1187 732 excipittq.
1230 645 1324 711 Sedet

237 749 381 818 Graecia
407 751 517 822 omnis
538 751 762 818 admiratione
783 750 930 819 nominis
950 749 1044 832 eins,
1067 749 1167 814 simul
1186 761 1220 813 et
1238 771 1324 812 iarun

236 853 398 919 adversus
424 853 598 922 Romanos
630 855 830 941 Poenosque
847 865 1026 943 ¹gestarum
1060 851 1171 940 gloria
1205 849 1324 930 attonita,

205 957 419 1024 oadventum
442 957 513 1022 eius
542 959 770 1048 exspectabat.
812 957 965 1024 Primum
990 956 1043 1022 illi
1072 941 1201 1022 belluni
1226 953 1324 1022 adrer-

236 1083 293 1124 sus
319 1059 502 1146 Spartanos
530 1060 614 1128 fuit<
653 1061 715 1132 uhi
742 1060 872 1128 maiore
899 1051 1096 1142 mulierum,
1128 1081 1228 1149 quam
1253 1055 1324 1122 viro-

233 1181 310 1230 rum
345 1163 473 1232 virtute
509 1179 682 1254 exceptus,
715 1149 945 1232 Ptolemaeum
980 1163 1088 1230 silium
1118 1175 1152 1230 et
1184 1159 1322 1226 exercitus

204 1276 223 1330 7
235 1279 363 1355 partem
385 1267 660 1338 robustissimam
674 1261 806 1358 emisitr
836 1268 962 1356 quippe
993 1265 1206 1357 oppugnanti
1225 1263 1322 1343 urben,

173 1371 177 1382 '
235 1370 280 1436 ad
306 1371 444 1435 tutelam
472 1371 601 1456 patriae
630 1385 723 1458 tanta
747 1369 931 1436 multitudo
951 1370 1154 1444 seminarum
1175 1366 1323 1446 concurrit,

204 1481 224 1538 8
238 1488 274 1540 ut
288 1493 358 1538 uon
372 1471 493 1540 fortius
511 1474 632 1556 victus,
651 1497 750 1562 quum
765 1473 1001 1556 uerecundius,
1015 1473 1202 1540 recederet.
1243 1471 1322 1536 Porro

179 1661 182 1672 ¹
232 1578 460 1651 Ptolemaeum
487 1575 592 1642 filium
621 1575 694 1642 eius
723 1577 809 1661 adeo
832 1591 1012 1644 strenuum
1040 1592 1074 1642 et
1100 1599 1204 1642 manu
1228 1573 1323 1640 fouens

231 1675 337 1749 fluisse
363 1679 518 1762 tradunt,
548 1695 586 1746 ut
606 1681 734 1746 urbem·
748 1677 936 1770 Corcyram
957 1704 1037 1748 cum
1057 1675 1267 1767 sexagesimo
1283 1699 1324 1740 ce-

182 1833 207 1854 ..
231 1783 340 1874 perit:
378 1779 471 1848 idem
506 1781 638 1870 praelio
676 1782 795 1850 navali
835 1781 1125 1872 quinqueremem.
1147 1804 1197 1848 ex
1231 1781 1324 1870 scapha

201 1896 311 1956 licum
331 1885 477 1975 septimo
497 1885 683 1967 insiluerit,
703 1899 901 1975 captamque
921 1887 1085 1954 tenuerit:
1113 1886 1151 1952 in
1172 1907 1323 1976 oppugna-

230 1991 324 2057 tione
346 2011 481 2078 quoque
503 1989 747 2076 Spartanorum
769 2013 875 2078 usque
895 1989 939 2066 in,
953 1989 1245 2056 mediam'urhem
1263 2007 1324 2074 equo

69 2175 71 2180 ,
116 2161 118 2165 Α
169 2127 173 2154 ι
227 2092 457 2184 procurrerit3
484 2091 602 2181 ibique
621 2114 788 2166 concursu
818 2093 1039 2160 multitudinis
1067 2091 1263 2160 interfectus
1289 2089 1323 2153 sit.

180 2197 221 2266 10
233 2195 336 2264 Cuius
364 2217 487 2284 corpus
514 2209 553 2260 ut
573 2197 717 2262 relatum
738 2196 830 2285 patri
855 2211 926 2279 est,
954 2195 1084 2262 dixisse
1105 2195 1270 2286 Pyrrhum
1286 2189 1323 2256 le

228 2312 326 2380 runt,
349 2300 542 2386 aliquanto
564 2299 706 2365 tardius
728 2323 827 2372 eum,
859 2323 970 2391 quam
991 2301 1154 2366 eimoeric
1171 2302 1267 2388 ipse,
1283 2295 1323 2360 nel

230 2419 414 2471 temeritas
436 2422 510 2468 erus
530 2407 719 2484 meruerit,
738 2407 897 2470 ,occisum
917 2427 1000 2472 ease.
1158 2465 1160 2474 s

200 2518 218 2574 1
269 2543 272 2548 ·
315 2505 410 2573 cir.
433 2529 468 2570 u.
511 2503 680 2593 Repulsus
702 2531 722 2572 a
743 2507 917 2596 Spartanis
944 2507 1117 2597 Pyrrhus,
1146 2505 1262 2594 Argos
1278 2525 1321 2591 pe-

229 2611 288 2679 tit:
324 2607 393 2693 ihi,
430 2608 511 2674 dum
537 2608 750 2696 Antigonum
778 2610 817 2678 in
848 2613 934 2677 urhe
968 2613 1120 2677 clausum
1155 2627 1321 2698 expugnare

231 2729 386 2794 cenatur,
407 2713 497 2784 inter
513 2709 784 2780 confertissimos
805 2712 1049 2782 violentissime
1071 2711 1246 2794 dimicans,
1263 2731 1322 2776 saxu

116 2903 121 2909 ,
196 2821 272 2887 2de
299 2816 405 2884 muris
432 2815 518 2881 ictus
540 2813 715 2891 occiditur.
761 2816 870 2905 Caput
896 2818 968 2884 eius
988 2811 1170 2906 Antigo‘no
1191 2815 1322 2882 refertur:

155 2942 158 2950 ’
216 2920 289 3011 ,qui
311 2918 459 2986 victoria
479 2919 594 2983 mitius
619 2943 714 3002 usus,
735 2919 842 2988 filium
872 2921 947 2988 eine
967 2921 1243 3002 Helennrmcum
1260 2917 1322 3006 Epi-

228 3023 315 3090 rotis
342 3020 409 3087 sibi
450 3020 619 3102 deditum,
646 3021 682 3088 in
711 3027 866 3110 reguum·
881 3011 1029 3107 remisit,
1058 3025 1160 3112 eique
1191 3018 1322 3110 insepulti

191 3125 333 3226 xepatris
362 3147 438 3190 ossa
458 3123 494 3188 iu
507 3127 656 3220 patriam
678 3126 857 3194 relerenda
882 3126 1034 3194 tradidit.
1078 3125 1172 3194 Satis
1192 3139 1320 3192 constans

226 3229 317 3297 inter
337 3248 458 3324 pmaee
480 3241 633 3296 auctores
653 3229 742 3296 lema
765 3225 965 3312 est,nulluns
986 3252 1049 3296 nec
1069 3228 1154 3310 eius,
1169 3253 1231 3294 nec
1251 3249 1322 3315 supe·

127 3353 130 3359 ·
157 3369 161 3374 ·
226 3329 327 3398 rionis
349 3330 599 3418 aetatiaregem
621 3335 885 3420 comparandum
900 3333 1035 3423 Pyrrho
1056 3331 1183 3414 fuisse;
1208 3351 1321 3416 raroque

187 3493 191 3508 ,
227 3455 296 3512 non
315 3432 405 3498 inter
424 3456 521 3519 reges
543 3447 682 3517 tautum,
704 3459 824 3511 verum
846 3436 947 3502 etiam
968 3436 1059 3502 inter
1077 3435 1229 3502 illustres
1243 3435 1321 3510 viros,

138 3572 144 3586 ·
225 3547 282 3604 aut
302 3536 395 3602 ritae
416 3537 605 3617 sanctioris,
626 3553 682 3604 aut
695 3539 843 3608 iustitiae
862 3538 1070 3628 probatioris
1090 3539 1206 3604 visum
1226 3538 1321 3604 fuisse:

109 3654 111 3663 ¹
195 3637 402 3708 iacientium
427 3641 603 3706 certe.rei
627 3641 785 3709 militarie
813 3641 938 3708 in-ille
966 3642 1044 3708 viro
1072 3654 1204 3708 tantam
1234 3641 1320 3714 fuisse,

133 3821 142 3832 ‘
218 3755 263 3840 ‚ut
288 3763 363 3807 cum
391 3739 613 3830 Lysimacho,
643 3745 839 3828 Demetrio„
861 3745 1056 3835 Antigono,
1087 3745 1191 3810 tantis
1211 3743 1320 3831 regibus

96 3885 100 3890 ·
194 3845 312 3914 thella
337 3865 477 3932 gerens,
503 3845 650 3914 invictus
671 3871 804 3940 semper
823 3849 943 3916 fuerit:
978 3847 1181 3940 lllyriorum
1203 3845 1320 3936 queque,

566 4023 638 4067 osv.
660 4027 750 4089 sacr,
773 4027 895 4070 cassu.

650 4117 817 4148 --.-·-·t

171 4230 190 4245 ,,
264 4170 345 4235 Car.
370 4195 413 4238 tv.
436 4177 462 4257 h.
485 4179 516 4237 8.
559 4202 625 4238 cum
652 4185 871 4262 sexaginta
898 4181 1007 4262 ceperit
1032 4193 1173 4252 m*claun
1200 4197 1318 4263 septem

471 4276 504 4370 ,s
558 4279 713 4342 insiluerit.
