2702 4852
259 305 308 415 {32
383 385 387 390 ,
610 296 914 417 ru'lsrsus

224 495 364 562 evoluti
392 493 542 584 vicinum
560 489 773 572 incendium,
810 487 852 574 ad
874 509 910 552 se
930 484 1101 552 transiret.
1147 479 1241 548 Facta
1257 483 1328 571 igitur

163 605 166 622 ’
253 600 344 666 inter
366 599 449 664 duas
470 598 584 686 paullo
600 611 679 661 ante
690 591 942 658 infestissimas
951 589 1106 656 civitates
1128 585 1278 668 societate,
1294 591 1328 652 ls-

254 703 448 791 gationibus
473 699 650 768 Graeciam
671 693 835 785 fatigant·
856 713 1078 758 communem
1099 689 1229 754 hostem
1246 705 1329 778 putant

223 809 496 874 tcommunibus
515 805 650 870 uiribus
670 787 970 884 submovendum:
994 817 1113 883 aeque
1136 797 1224 858 enim
1249 817 1329 858 cessa-

180 897 190 932 *
255 927 375 974 curura
391 911 624 997 Philippum,
651 909 682 970 si
702 925 873 994 prospere
891 905 1011 991 prima
1032 901 1266 966 successerint,
1287 899 1330 962 uisi

96 1063 98 1071 .
178 1077 187 1086 ,
223 1024 397 1078 &omnem
423 1014 618 1078 Graeciam
646 1009 835 1074 domuerit.
900 1005 1013 1070 Motae
1036 1001 1199 1090 quaedam
1219 999 1329 1066 ciuitates

253 1116 522 1182 Atheniensibus
545 1113 764 1200 seiungunt:
800 1109 959 1200 quasdam
985 1119 1098 1172 autem
1120 1105 1163 1170 ad
1183 1101 1328 1191 Philippum

162 1226 164 1230 ’
223 1220 337 1285 abelti
362 1235 476 1296 metus¹
500 1217 617 1284 traxit.
660 1217 795 1282 Praelio
817 1213 1014 1293 commisse,
1052 1207 1329 1298 cumxAtheniensss

252 1313 354 1410 longe
381 1321 676 1389 maiore·militum
700 1341 843 1384 numero
863 1327 1092 1408 praestarent,
1129 1309 1267 1376 adsiduis
1282 1311 1330 1373 bel-

202 1425 295 1492 tolis
324 1425 481 1492 indurata
514 1424 642 1491 virtute
672 1423 893 1489 Macedonum
927 1412 1126 1486 vincuntur:
1170 1435 1241 1481 non¹
1258 1427 1331 1477 tanen

251 1530 467 1596 immemores
494 1527 670 1622 pristinae
697 1517 826 1616 glariae
862 1524 1030 1592 cecidere:
1071 1519 1198 1612 quippe
1224 1515 1330 1583 adversis

251 1633 468 1713 vulneribus,
505 1653 622 1696 omues
644 1632 735 1711 loca,
766 1653 854 1717 quas
875 1627 1001 1692 tuenda
1028 1650 1048 1690 a
1070 1625 1212 1690 ducibus
1232 1643 1331 1708 aecepe-

158 1743 238 1800 11
253 1747 347 1817 rant,
375 1734 559 1801 morientes
580 1733 781 1822 corporibus
803 1745 973 1798 texerunt.
1017 1729 1083 1794 llic
1105 1727 1179 1792 dies
1200 1724 1330 1790 universas

192 1836 416 1908 :Graeciae
439 1851 473 1903 et
486 1835 632 1926 gloriam
649 1835 903 1920 dominationis,
927 1847 961 1900 et
986 1829 1244 1909 vetustissimam
1260 1827 1296 1896 lib
1298 1849 1331 1888 et-

251 1954 355 2008 tatem
376 1940 500 2008 finivit

222 2055 239 2110 1
275 2125 277 2134 .
338 2047 432 2109 Gar.
454 2068 505 2110 ιτ.
549 2041 659 2110 Huius
686 2040 853 2110 victoriae
875 2041 996 2110 callide
1019 2013 1227 2106 dissimulata
1245 2031 1332 2102 laetitia

161 2186 164 2194 ·
203 2160 204 2164 ’
250 2161 316 2214 est.
366 2145 524 2236 Denique
552 2169 621 2213 non
652 2146 754 2212 solita
780 2170 875 2227 sacra
901 2145 1168 2234 Philippusilla
1196 2139 1246 2208 die
1268 2137 1332 2204 lecit:

251 2273 322 2319 nou
350 2249 386 2316 in
416 2249 577 2338 convivio
605 2249 700 2316 risit:
737 2273 807 2316 nou
834 2249 934 2316 ludos
954 2240 1045 2316 inter
1069 2251 1186 2338 epulas
1208 2243 1331 2312 adhibuit:

160 2423 163 2438 Ὗ
252 2376 322 2419 non
351 2375 495 2420 coronas
528 2363 786 2442 aut'unguenta
815 2353 953 2438 sumsit3
989 2346 1040 2436 e't,
1069 2366 1231 2442 quantum
1253 2347 1331 2415 inille

112 2492 139 2531 ι,
201 2456 333 2552 eluit,
362 2455 411 2522 ita
432 2456 533 2537 vicit,
568 2471 605 2521 ut
625 2457 793 2524 victorem
815 2479 916 2534 nemo
937 2455 1089 2522 sentiret.
1135 2455 1205 2523 sed
1230 2471 1332 2519 necte

221 2571 339 2678 ligem.
353 2584 391 2624 se
416 2561 615 2642 Graeciae,
650 2561 713 2625 sed
743 2561 869 2626 ducem
894 2563 1077 2650 appellari
1103 2560 1212 2625 iussit.
1256 2557 1309 2641 At
1310 2573 1333 2616 u

251 2667 305 2741 ita
328 2663 418 2730 inter
444 2662 581 2728 tacitam
610 2663 774 2730 laetitiam
802 2680 837 2731 et
859 2665 1011 2732 dolorem
1034 2665 1185 2730 hostium
1207 2677 1333 2748 tempera

172 2756 177 2772 ⁶
252 2767 322 2851 vil,
351 2781 391 2832 ut
417 2789 527 2855 neque
555 2767 645 2855 apud
674 2786 752 2834 suos
781 2771 987 2866 exsultasse,
1021 2791 1133 2858 neque
1159 2766 1244 2857 apud
1262 2764 1333 2830 victos

222 2871 433 2937 sinsultasse
468 2869 654 2936 videretur.
704 2872 993 2954 Atheniensibus,
1023 2893 1106 2960 quos
1140 2894 1253 2962 passus
1276 2865 1333 2932 inle-

192 3013 197 3018 -
254 2970 568 3055 stissimosiuera't,
598 2985 631 3038 et
654 2975 807 3064 captivos
829 2975 935 3064 gratis
958 2975 1105 3058 remisit3
1135 2991 1169 3042 et
1185 2977 1267 3040 bello
1281 2993 1335 3035 con-

95 3093 99 3100 '
177 3110 178 3115 ¹
253 3093 438 3153 sumtorum
461 3099 605 3165 corpora
624 3081 817 3168 sepulturae
837 3079 1252 3170 reddidi13'reliquiasque
1269 3077 1336 3141 luns-

252 3199 330 3247 rum
358 3195 396 3246 ut
424 3181 467 3246 ad
497 3183 650 3268 sepulcra
679 3181 844 3248 maiorum
874 3181 1064 3263 deferrent,
1104 3186 1198 3249 ultro
1225 3186 1336 3248 hortatu

223 3290 319 3380 hest.
363 3283 472 3376 Super
492 3285 578 3348 haec
599 3283 839 3350 Alexandrum
853 3285 969 3350 xfilium
992 3310 1066 3350 oum
1090 3287 1200 3353 amico
1225 3283 1325 3371 Antipa

251 3399 326 3487 tro,
354 3385 413 3475 qui.
434 3409 551 3475 pacem
573 3405 648 3452 cum
668 3385 721 3462 his
743 3387 990 3478 amicitiamque
1010 3389 1204 3478 iungerent,
1224 3389 1327 3456 Athena

219 3489 356 3566 emisit.
399 3489 642 3582 Thebanorum
675 3499 781 3576 porro
809 3514 880 3558 non
907 3496 1016 3558 solum
1046 3491 1220 3584 captivos,
1255 3495 1318 3559 vsu

223 3593 636 3666 tetiamintersectorum
658 3597 862 3681 sepulturam
883 3595 1049 3663 vendidit.
1084 3597 1259 3687 Principes
1279 3589 1325 3658 civi

253 3697 334 3802 tatis
364 3696 447 3761 alios
476 3696 586 3764 securi
616 3697 800 3788 percussit:
836 3697 919 3765 alios
945 3699 983 3766 in
1005 3701 1166 3767 exsilium
1190 3701 1270 3788 egit,
1296 3697 1327 3761 bo

182 3799 187 3816 ‘
223 3809 365 3888 8'naque
393 3799 543 3865 omnium
572 3801 761 3894 occupavit.
809 3801 928 3874 Pulsos
959 3805 1081 3871 deiude
1115 3829 1180 3894 per
1207 3803 1333 3870 iniuriam

77 3931 79 3935 ·
160 3941 164 3945 -
251 3905 288 3970 in
309 3902 451 3992 patriam
473 3903 641 3969 restituit:
672 3929 718 3971 ex
737 3907 858 3972 horum
880 3931 1021 3974 numero
1043 3922 1216 3975 trecentos
1231 3905 1325 3973 exsule

103 4071 107 4079 ι
217 4005 380 4104 9iudices
401 4005 618 4094 rectoresque
641 4009 773 4107 civitati
795 4011 905 4078 dedit:
931 4013 1020 4101 apud
1042 4033 1127 4102 quos
1149 4036 1228 4079 cum
1248 4022 1329 4100 poten

603 4165 675 4210 niv.
696 4169 789 4212 naor.
812 4150 935 4214 salar.

293 4315 371 4381 Cli.
394 4339 446 4382 tv.
474 4315 509 4399 tl.
526 4329 556 4382 7.
587 4324 619 4379 in
641 4318 769 4384 exilium
791 4325 958 4408 redegit.
