2786 4856
75 685 82 716 ¹
117 721 125 730 1

271 255 409 347 218,
515 327 518 334 ,
687 237 1044 370 sessurus⁸

270 409 353 510 ‘eret
373 454 408 508 et
428 439 566 532 grandis
585 438 727 528 pecunia
747 437 784 520 in
805 459 848 505 eo
864 450 1190 528 egrospraepsratffi
1227 450 1281 518 nt,
1310 462 1358 506 eun

248 597 253 640 ι
279 570 334 614 res
356 543 542 632 exegisset,
572 567 635 614 nec
654 541 796 608 facultas
817 539 951 630 fugam,
973 563 1034 606 neo
1053 539 1169 628 inopia
1191 556 1357 606 moraretur.

251 649 386 718 5Lecta
413 646 518 737 igitur
548 669 725 714 servorum
746 643 938 724 iuventute,
967 664 1111 730 quorum
1133 642 1267 732 copiam
1292 642 1357 708 ltali-

166 835 170 845 .
276 774 395 818 corum
429 749 639 840 captivorum
665 769 824 816 numerus
852 746 1016 834 augebat,
1036 769 1161 813 navem
1187 747 1356 830 conscendit

247 863 481 954 bcursumque
517 853 560 918 ad
589 851 797 918 Antiochum
825 847 954 940 dirigit
1009 843 1148 916 Postera
1189 847 1247 914 die
1274 848 1356 915 civitas

248 958 465 1046 prinoipem
484 979 598 1038 suum,
621 977 659 1020 ac
679 967 752 1020 tum
772 952 934 1042 temporis
956 951 1179 1034 consulem,
1168 975 1204 1017 m
1227 949 1299 1016 soro
1317 975 1356 1015 ιι-

246 1063 466 1158 Ι..Ὶιροοίιὶιιιῐ
514 1060 625 1148 Quem
646 1071 684 1124 ut
702 1054 909 1148 profectum
927 1055 1119 1122 nuntiatum
1140 1069 1208 1136 est,
1239 1058 1356 1121 nonab-

276 1178 355 1248 ter,
376 1185 476 1252 quam
503 1161 532 1226 si
554 1163 633 1226 urbs
662 1175 760 1248 capta
788 1174 893 1242 esset,
920 1181 1035 1226 omnes
1058 1157 1288 1248 trepidavere,
1308 1159 1355 1224 esi-

247 1269 467 1355 Stiosamque
496 1263 562 1330 sibi
589 1263 705 1352 suga'm
733 1262 804 1328 eius
833 1258 972 1328 ominati
1001 1274 1086 1327 sunt.
1128 1261 1277 1348 Legatos
1304 1286 1355 1327 ven

230 1411 235 1435 ι
275 1370 466 1448 Romanus,
488 1367 582 1456 quasi
604 1367 728 1432 bellum
749 1366 817 1432 iam
844 1365 975 1430 illatum
996 1363 1114 1450 ltaliae
1137 1366 1179 1428 ab
1205 1365 1355 1430 Hannibale

240 1525 247 1534 .
277 1488 381 1556 esset,
414 1471 535 1538 tacitus
563 1470 706 1536 Romam
734 1469 937 1558 regreditur,
973 1467 1215 1556 trepidumque
1242 1469 1355 1534 nuntinu

274 1577 389 1642 rel'ert.

246 1688 263 1743 1
355 1676 454 1749 Cre.
477 1704 530 1743 111.
572 1674 743 1742 Interim
731 1697 767 1740 ιιι
790 1673 1294 1758 GraecraFlammrnus,1uncta
1310 1689 1365 1739 cnn

275 1783 475 1881 quibusdam
495 1778 689 1845 civitatibus
710 1777 886 1860 societate,
903 1777 1069 1844 Nabidem
1097 1793 1277 1865 tyrannum
1297 1775 1365 1842 due-l
1364 1813 1365 1892 p

272 1890 337 1954 bus
359 1881 526 1954 continuis
546 1880 682 1970 praeliis
703 1877 856 1967 subegit,
884 1895 917 1946 et
941 1881 1093 1970 graviter
1115 1879 1276 1960 fractum,
1293 1881 1365 1954 velntl

241 2003 489 2077 sexsanguem,
503 1985 540 2050 in
562 2009 623 2073 reg
626 2006 670 2051 no
691 1984 837 2071 reliquit
880 1983 948 2052 Sed
969 1984 1129 2049 libertate
1145 1983 1301 2051 Graeciae
1317 2010 1352 2050 re-

275 2095 405 2172 stituta,
424 2089 644 2176 deductisque
666 2087 707 2152 ab
729 2088 870 2152 urbibus
892 2087 1090 2176 praesidiis,
1119 2111 1196 2152 oum
1220 2090 1350 2155 Romanus

238 2248 241 2260 .
275 2196 444 2264 exercitus
467 2195 502 2258 in
524 2191 655 2260 Italiam
678 2203 872 2278 reportatus
895 2203 1000 2280 esset,
1029 2192 1124 2256 velut
1144 2217 1251 2258 vacua
1271 2215 1350 2256 rursus

272 2299 487 2390 possessione
523 2294 738 2377 sollicitatus,
774 2295 896 2356 multas
919 2293 1072 2359 civitates
1099 2297 1277 2388 repentino
1293 2296 1350 2358 bello

240 2403 409 2475 binvasit.
453 2399 585 2484 Quibus
608 2399 707 2464 rebus
732 2395 888 2493 exterriti
910 2396 1051 2478 Achaei,
1073 2421 1116 2464 ue
1139 2398 1286 2466 vicinum
1302 2422 1347 2461 nu·

271 2511 340 2576 lum
361 2505 463 2572 etiarn
485 2503 527 2568 ad
548 2526 584 2568 se
605 2513 772 2589 serperet,
796 2501 921 2566 bellum
942 2499 1104 2567 adversus
1126 2501 1349 2570 Nabidemde·

270 2624 441 2698 oernunt,
458 2609 643 2700 ducemque
664 2616 855 2693 praetorem
876 2627 971 2670 suum
993 2604 1347 2694 Philopoemenemin·¹

146 2791 152 2798 ⁸
239 2713 374 2804 teignis
403 2709 587 2778 industriae
612 2707 743 2790 virum,
776 2705 1002 2774 constituunt:
1038 2707 1132 2774 cuius
1162 2709 1200 2774 in
1231 2732 1269 2776 eo
1289 2710 1346 2773 bello

232 2869 239 2881 ,
269 2831 364 2884 tanta
390 2814 500 2882 virtue
525 2809 659 2893 enituit,
681 2823 718 2877 ut
740 2810 902 2898 opinione
925 2808 1075 2878 omnium
1095 2810 1281 2878 Flaminino
1297 2809 1364 2892 lle}

238 2935 371 2993 {amano
383 2915 580 3006 imperatori
594 2911 866 3004 compararetur.¹
899 2911 1030 2980 Eodem
1045 2927 1200 3004 tempore
1215 2913 1346 2981 Hannibal
1363 2985 1364 2990 η

269 3049 345 3094 cum
366 3021 409 3088 ad
424 3019 634 3086 Antiochum
651 3017 876 3136 pervenisset,
896 3019 990 3084 velut
1004 3015 1156 3084 Deorum
1177 3042 1291 3086 munus
1305 3042 1347 3082 ex·
1363 2997 1364 3056 l

237 3115 409 3216 eripitur:
429 3137 607 3210 tantusque
628 3121 701 3188 eius
716 3121 863 3210 adventu
877 3119 979 3185 ardor
994 3119 1113 3186 animis
1126 3123 1221 3210 regis
1236 3119 1345 3200 accessit,

266 3242 304 3296 ut
323 3249 390 3294 non
405 3239 473 3292 tam
494 3227 537 3294 de
550 3225 651 3308 bello,
664 3249 765 3312 quam
779 3223 822 3290 de
843 3221 1003 3314 praemiis
1024 3211 1190 3290 iictoriae
1212 3227 1344 3314 cogitaret

235 3331 333 3402 tsed
355 3330 542 3407 Hannibal,
564 3327 619 3396 oui
639 3342 720 3394 nota
740 3315 894 3396 Romana
914 3326 1024 3394 virtus
1046 3340 1117 3392 erat
1119 3332 1283 3429 ,negabat
1300 3350 1344 3494 op·

233 3437 397 3530 oprimi
399 3434 599 3508 Romanos,
635 3434 703 3497 nisi
731 3434 769 3498 in
800 3433 928 3500 Italia,
963 3451 1074 3518 posse.
1124 3431 1186 3497 Ad
1211 3421 1343 3498 boor
1302 3427 1343 3495 nbi

241 3523 398 3606 centum
424 3559 539 3619 naves,
562 3548 596 3602 et
616 3535 734 3621 decem
753 3533 860 3605 millia
881 3529 1049 3652 peditum,
1072 3547 1106 3600 et
1130 3536 1225 3601 mille
1247 3534 1342 3624 equites

261 3640 433 3732 poscebat,
447 3637 648 3728 promittens
669 3613 740 3706 Irae
756 3661 868 3706 manu
887 3661 962 3704 ηοη
974 3640 1087 3702 minus
1104 3615 1249 3710 bolliam
1266 3656 1343 3724 quan

231 3746 418 3834 bgesserit,
431 3743 567 3808 Italiae
580 3747 883 3828 instauraturum
905 3741 943 3808 ἰιι
956 3740 1131 3836 imAsiom
1144 3747 1225 3832 regi
1237 3738 1343 3836 sedenti

262 3865 329 3914 auc
347 3847 520 3910 vitoriam
539 3843 585 3912 de
602 3847 793 3918 Romanis,
824 3863 891 3912 aut
912 3847 1049 3934 aeques
1068 3847 1169 3930 pacis
1191 3843 1343 3912 condeio-

211 3953 322 4018 tones
342 3949 561 4016 relaturum.-
600 3953 739 4038 quippe
761 3949 987 4037 &Hisponis
1015 3937 1108 4017 belle
1129 3947 1343 4042 flagrantibus

609 4126 682 4174 mv.
703 4129 795 4172 ucr.
815 4125 950 4174 emen·-

630 4226 845 4250 ,ηε-ι-
915 4233 956 4246 .-

838 4255 872 4268 ,.

305 4283 382 4348 Cer.
405 4306 458 4350 tn·
480 4281 506 4365 §-
527 4293 560 4352 Θ.
602 4279 714 4350 Italae
740 4255 1064 4382 restauruluuruurn.
