2740 4854
215 300 273 350 nn
297 299 443 354 aanor
464 301 600 357 roua.
625 291 787 356 sonan
811 289 864 356 s'n
887 301 1015 374 auec.
1091 307 1212 362 nme

24 461 244 532 destinaverat
277 467 365 532 ve‘ro
397 463 492 530 hisce
519 477 606 532 teste
631 463 788 534 Dicdum
815 462 933 534 Siculo
956 465 1028 534 'tres
1055 465 1208 552 integros

25 548 192 638 operis'sui
212 549 341 636 libros,
372 549 397 616 i.
417 549 734 628 a·XL1-XL111.,
776 551 869 640 qnod
889 552 996 642 plura
1010 553 1110 620 etiam
1131 555 1209 622 ira.-
1230 585 1232 592 ·

24 647 152 722 guenta,
184 635 295 702 exiis
318 653 469 715 servata,
493 637 693 714 confirmant
713 637 762 720 ⁴l).
802 637 871 704 lies
893 651 1068 724 praeterea
1090 639 1209 706 italiae

24 745 83 785 rum
102 719 270 808 attigisse,
306 743 345 788 ac
365 736 436 788 tum
457 724 499 786 de
523 722 663 788 Graecis
681 724 821 806 urbibus
844 723 893 788 ihi
916 725 1079 804 conditis,
1112 728 1208 793 velut

24 805 55 870 de
72 805 100 871 T
102 820 230 888 arento,
252 822 325 894 tum
345 807 388 874 de
409 807 546 898 populis
566 808 746 896 indigenis,
765 811 859 875 velut
880 809 924 873 de
945 807 1086 877 Umbris
1106 823 1142 878 et
1163 810 1207 876 de

24 891 123 957 Tuscis
145 891 275 979 egisse,
303 905 404 981 atque
426 899 553 974 ortum,
582 915 694 960 mores
722 907 756 959 et
776 894 929 960 instituta
951 913 1070 968 eorum
1092 915 1208 984 expo-

23 976 124 1058 suisse,
163 991 257 1044 certe
287 979 417 1046 constat
444 979 510 1060 fl).
555 977 657 1064 Quod
689 981 732 1044 ed
760 979 904 1050 Romaiu
927 979 1063 1064 attinet,
1103 981 1210 1048 semel

21 1076 129 1127 tautum
151 1061 226 1128 eius
246 1085 390 1146 nomen,
423 1087 500 1130 cum
519 1066 639 1130 urbem
662 1090 681 1130 a
704 1062 811 1130 Gallis
833 1066 1006 1130 incensam
1028 1059 1103 1132 esse
1124 1089 1209 1155 per-

21 1148 150 1230 hiberet,
173 1153 396 1216 memoratum
416 1149 521 1216 fuisse
548 1163 692 1222 testatur
713 1151 842 1216 Plinius
870 1151 969 1231 Μὴ
990 1152 1049 1238 qui
1069 1153 1209 1220 omnino

21 1232 145 1321 priorum
176 1239 253 1299 eum
284 1235 490 1301 Graecorum
523 1235 567 1301 de
593 1237 811 1302 occidentalis
833 1233 991 1323 Europae
1011 1236 1209 1322 regionibus

23 1333 46 1383 et
61 1321 190 1405 populis
212 1320 322 1408 egisse
342 1333 460 1386 auctor
481 1335 542 1404 est.
584 1319 904 1388 Conveniunt-baec
923 1321 1132 1390 omniacum
1153 1321 1209 1406 iis,
1271 1389 1277 1403 ,

22 1427 89 1492 quae
109 1405 201 1494 apud
222 1405 387 1472 lustinum
408 1406 568 1494 legimus,
600 1407 773 1472 utstatim
796 1405 992 1497 apparebit3
1024 1423 1131 1474 tinum
1152 1419 1211 1474 te·-
1242 1419 1246 1430 ‘
1361 1475 1362 1484 ,

21 1505 148 1558 uenest
169 1492 300 1580 dequo
321 1491 477 1558 dubitare
498 1492 625 1580 possis,
658 1517 738 1584 num
760 1492 1006 1582 Theopompus
1027 1479 1209 1579 Carthagi-
1290 1565 1312 1576 ,ι

21 1576 167 1642 niensium
192 1599 326 1666 quoque
348 1601 403 1643 res
427 1578 614 1665 attigerit,·
635 1576 682 1643 ita
705 1594 743 1645 ut
765 1575 914 1643 lustinus
933 1579 972 1642 in
994 1577 1048 1642 his
1072 1595 1208 1667 quoque

22 1685 80 1728 eum
99 1661 196 1751 sequi
217 1663 392 1750 potuerit?
435 1663 472 1729 ln
495 1665 628 1751 paucis,
664 1687 750 1752 quae
780 1687 825 1730 ex
856 1661 1075 1749 Theopompi
1105 1682 1210 1752 opere

21 1762 180 1836 supersunt
199 1749 411 1836 fragmentis,
433 1749 518 1832 nihil
541 1751 690 1837 quidem,
715 1749 806 1837 quod
828 1749 869 1816 ad
886 1745 1126 1834 Carthaginem
1145 1759 1211 1816 de-

20 1833 85 1898 lerri
103 1833 232 1922 possit,
255 1835 411 1920 re'peri03
444 1835 911 1922 verumCarthaginiensium
933 1857 987 1899 res
1008 1833 1149 1900 rninime
1164 1834 1210 1900 ab

8 1941 51 1983 so
69 1909 203 1986 silentiis
224 1920 403 2006 praeteriri
417 1919 586 2010 potuisse,
606 1943 661 1984 res
676 1920 751 2005 ipsa
768 1922 876 1986 docet.
919 1917 1101 2002 Quomodo
1116 1919 1209 1986 enim

20 2004 304 2092 Syracusanorum,
325 2005 384 2093 qni
399 2005 563 2074 contiuua
582 2004 655 2070 fere
674 2007 766 2081 ¹bella
782 2029 863 2095 ,cum
873 2002 1212 2089 Carthaginiensibus
1303 2003 1308 2012 ’

21 2093 182 2174 gerebant,
217 2113 275 2156 res
295 2113 470 2178 exponere
491 2091 676 2180 potuisset,
709 2091 775 2156 nisi
797 2092 918 2156 horum
942 2111 1076 2178 quoque
1097 2113 1212 2178 expe-

20 2175 146 2242 ditiones
170 2175 420 2264 descripsisset,
457 2199 540 2265 quas
562 2175 595 2241 si.
616 2177 745 2264 attigit,
780 2175 930 2275 origines
953 2193 1092 2274 quoque
1112 2174 1208 2243 urhis

23 2283 119 2326 eorum
140 2262 406 2328 etinorementa
422 2269 517 2328 more
532 2283 594 2328 suo
609 2284 648 2328 ac
669 2284 733 2350 pro
756 2261 899 2328 oonsilio
921 2260 1073 2328 universi
1094 2259 1211 2360 operis

21 2345 46 2409 iu
70 2371 216 2414 excursu
240 2362 395 2435 repetere
417 2348 547 2414 debuit.
596 2347 729 2431 Quare,
766 2348 795 2414 si
824 2349 859 2413 in
891 2349 993 2414 rebus
1021 2345 1146 2417 Simus
1175 2360 1211 2422 et

20 2430 124 2499 Italicis
152 2433 310 2520 Trogum
336 2447 490 2500 nostrum
518 2433 782 2522 Theopompum
810 2447 961 2504 secutum
990 2453 1064 2498 esse
1089 2444 1209 2498 osten·

23 2518 101 2599 dero,
136 2517 326 2588 certissima
354 2519 564 2602 coniectura,
609 2541 685 2584 eum
715 2519 754 2584 in'
780 2521 883 2595 rebus
909 2515 1046 2586 Punicis
1075 2537 1212 2606 quoque

22 2605 145 2671 eundem
169 2618 248 2694 ante
270 2605 387 2670 oculos
409 2605 583 2694 habuisse,
624 2607 826 2678 concludere
845 2603 931 2670 mihi
953 2602 1093 2679 videor,
1133 2605 1212 2668 Ae-
1280 2683 1281 2688 ἵ

21 2691 106 2772 cadil,
144 2691 238 2778 quod
266 2689 374 2756 omnis
395 2691 479 2759 haec
500 2691 542 2754 de
567 2687 769 2776 Carthagine
791 2689 943 2754 narratio
967 2688 1044 2754 talis
1067 2701 1136 2770 est,
1172 2701 1211 2754 ut
1317 2731 1319 2738 ·

21 2773 219 2864 Theopompi
241 2775 414 2862 ingenium
437 2775 583 2860 prodere
602 2775 776 2846 videatur.
818 2773 914 2858 Quae
942 2774 1034 2838 enim
1062 2772 1107 2838 de
1134 2769 1212 2863 ipsa
1299 2849 1304 2856 ,

21 2861 133 2949 origiue
155 2861 252 2928 urbis
273 2875 406 2929 enarrat
430 2861 553 2942 sara),
582 2866 688 2926 lmore
710 2882 772 2928 suo
792 2857 1124 2948 mythis'ac'dabulis
1143 2877 1213 2924 ex·-

20 2949 154 3031 oruari13
175 2947 254 3021 ,ubi
275 2969 361 3012 vero
381 2946 417 3014 iu
439 2946 658 3035 sequentibus
679 2945 760 3022 inde
782 2969 802 3012 a
824 2969 896 3034 cap.
918 2943 977 3014 Vt.
1000 2944 1045 3010 ad
1067 2957 1213 3019 aetatem

19 3031 199 3098 historicam
221 3031 413 3114 descendit,
450 3031 689 3120 gravissimum
715 3031 819 3099 habes
842 3031 1060 3116 scriptorem,
1093 3053 1119 3096 a
1142 3049 1212 3128 quo

20 3119 218 3206 reipublicae
237 3117 526 3208 Carthaginiensis
554 3117 782 3199 incrementa,
818 3131 992 3206 quantum.
1007 3138 1056 3184 ex
1080 3114 1212 3191 Iustino

20 3207 206 3272 concludere
226 3203 323 3284 licet,
346 3203 482 3290 egregie
497 3204 654 3290 exposita
670 3217 777 3268 eraut.
823 3201 1113 3274 Verum‘certiora
1127 3202 1215 3272 haee

20 3287 101 3372 fient,
134 3291 163 3357 si
189 3287 312 3354 Iustini
341 3288 385 3354 de
412 3290 513 3357 rebus
539 3289 666 3356 b'ioulis.
685 3302 719 3356 et
740 3287 867 3354 Italicis
891 3287 1015 3354 tradita
1037 3309 1115 3354 cam
1136 3283 1214 3352 ira·-
1255 3321 1261 3348 r

21 3377 164 3460 guentis,
187 3397 273 3462 quae
296 3397 341 3438 ex
365 3373 584 3463 Theopompi
605 3397 712 3463 opere
729 3387 928 3461 supersunt,
949 3369 1175 3448 conferamus.
1286 3443 1289 3448 ,

88 3462 241 3528 Exorsus
272 3473 343 3526 erat
374 3459 636 3548 Theopompus,
673 3475 710 3525 ut
732 3483 787 3524 ex
808 3455 965 3526 Diodoro
988 3457 1103 3526 Siculo
1125 3479 1216 3530 con-s

21 3560 71 3611 stat
89 3553 143 3631 †),
171 3545 286 3626 Sicula
308 3558 369 3610 stra
390 3545 433 3610 ab
455 3546 601 3634 imperio
622 3543 785 3634 Dionysii
805 3545 924 3634 primi3
952 3544 1214 3610 continuaverat
1290 3539 1297 3560 i

21 3655 169 3721 sausque
192 3631 236 3698 ad
258 3629 402 3696 exitium
422 3629 588 3722 Dionysii
615 3631 773 3700 secundi:
804 3654 892 3720 quae
921 3631 1132 3719 respondent
1160 3627 1223 3730 iis,

20 3767 213 3805 .-..‘......

52 3871 81 3960 *)
121 3875 232 3939 Libros
263 3894 361 3950 lamera
387 3867 555 3949 XXXIX.
591 3895 619 3940 et
647 3879 723 3940 XL.
753 3873 859 3940 Sicula
889 3899 1003 3961 quoque
1029 3861 1221 3947 coulinuisse,

82 3958 177 4042 'supro
195 3989 266 4047 pag.
285 3962 381 4028 LIV·
402 3965 497 4050 mm)
518 3967 581 4028 iam
609 3969 651 4028 'ead
661 3965 849 4053 fragmentis
863 3963 989 4026 osthndi.
1013 3997 1016 4004 =

52 4049 89 4124 ”l
111 4049 191 4110 Vide
214 4075 289 4114 mox
309 4050 408 4138 iufra.
535 4095 540 4112 ,

52 4132 101 4206 m)
128 4135 206 4198 Ptin.
230 4137 257 4199 I.
275 4163 347 4218 pag.
369 4138 445 4200 324.
468 4135 540 4206 erlis.
563 4133 672 4202 Poris·

52 4217 116 4299 *ml
146 4220 248 4288 Ittstiu.
268 4223 401 4298 XVIII,
422 4223 455 4286 4.
478 4229 510 4286 5.

30 4328 33 4336 ·
53 4305 85 4382 i)
112 4303 206 4378 Diod,
229 4301 415 4399 Xdslspog.
437 4315 513 4372 465.
