2786 4856
205 285 284 398 292
550 303 611 358 ιι
648 305 836 358 ιιιοιι
877 304 1030 356 nior.

217 463 317 563 origo
338 469 502 560 repetita:
543 467 625 535 dein
652 466 864 559 praefectum
884 463 1103 558 Hellesponti
1122 461 1349 534 Ariobarza-

215 601 302 646 nen:
341 573 467 640 deiude
497 571 536 640 in
563 572 668 664 Syria
702 570 912 660 praefectum
939 567 1129 637 Armeniae
1157 569 1348 638 Orontem:

52 663 60 676 ’
87 757 90 762 ,
216 679 440 768 omnibusque
466 674 569 746 vialis
599 662 800 758 decesseris,
839 673 912 742 filio
934 695 1131 742 successore
1154 673 1270 740 Ocho.
1306 672 1342 739 le

109 772 140 833 ¹·
214 783 340 851 deinde
366 780 489 848 occisio
518 779 738 872 optimatibus
769 777 899 847 Sidona
928 777 1036 868 cepit:
1070 779 1248 867 Aegypto
1267 777 1339 842 bel-

120 885 122 890 ’
214 889 286 954 lam
308 901 363 952 lar
384 883 509 950 intulit.
552 881 601 952 Ut
628 897 709 972 post
735 897 881 949 mortem
909 881 1000 948 Ochi
1027 881 1185 971 regnarit
1214 880 1344 946 Arses·

214 990 296 1056 dein
316 987 461 1074 Darius,
490 985 597 1082 qui
572 1009 649 1055 oum
670 983 876 1054 Alexandro
898 983 1122 1086 Macedonum
1142 1007 1231 1074 rege
1255 983 1345 1050 bello

89 1140 91 1154 ·
205 1084 382 1163 ¹oonflixit.

490 1250 750 1340 Pnoioouc
790 1269 939 1338 Lim
982 1254 1073 1336 XI.¹

292 1427 485 1500 Undecimo
514 1427 693 1500 volumine
719 1426 936 1496 conlinentur
962 1449 1018 1492 ree
1039 1440 1155 1514 gestae
1177 1421 1344 1489 Alexan-

211 1533 267 1602 dri
302 1532 436 1620 Magni,
475 1554 584 1621 usque
613 1531 657 1598 ad
688 1530 864 1604 interilum
899 1529 992 1618 regie
1020 1529 1203 1610 Persarum
1233 1525 1342 1593 Darii

210 1635 400 1724 Diclaeque
420 1634 459 1702 in
477 1657 624 1702 excessu
640 1633 797 1721 origines
819 1648 855 1700 et
874 1657 973 1721 reges
997 1630 1130 1700 Cariae.

478 1817 739 1885 Paonoous
775 1773 926 1884 ιΙιιιιιιι
969 1817 1061 1886 XII.

289 1975 505 2044 Duodecimn
537 1973 713 2042 volumine
747 1975 965 2042 continentur
999 1975 1199 2044 Alexandri
1226 1974 1342 2065 Magni

209 2082 300 2149 bella
322 2081 504 2146 Bactriana
526 2092 562 2146 et
581 2077 715 2161 Indica,
742 2101 860 2170 usque
881 2077 954 2146 ad
943 2079 1119 2146 interitum
1141 2080 1232 2150 eius.
1276 2079 1341 2146 Di·

124 2197 126 2200 ’
210 2197 352 2272 otaeque
383 2182 422 2250 in
449 2205 593 2250 excessu
620 2203 677 2248 ces
711 2205 732 2247 a
765 2181 971 2285 praefeclo
977 2181 1049 2249 eius
1077 2183 1319 2276 Antipatro
1308 2209 1341 2250 m

211 2277 358 2355 Graecia
386 2299 524 2375 gestae,
565 2298 600 2351 et
629 2285 673 2350 ab
699 2274 956 2352 Archidanio
941 2309 1024 2376 rege
1045 2285 1339 2356 Lacedaemonio-

207 2413 310 2473 rum,
337 2387 556 2478 Moloeroque
584 2385 823 2456 Alexandro
811 2413 849 2455 ιιι
879 2385 995 2472 Italia,
1032 2413 1180 2479 quorum
1210 2391 1265 2458 ibi
1289 2405 1334 2458 eal

207 2503 354 2582 uterque
375 2517 452 2560 cum
473 2491 629 2558 exercitu
651 2491 792 2560 deletus.
834 2493 987 2560 Additae
1011 2493 1066 2560 his
1091 2493 1253 2582 origines
1268 2494 1338 2562 Ila-

102 2659 105 2670 ,
158 2613 161 2626 ·
206 2593 294 2662 licae
315 2597 527 2684 Apulorum,
554 2589 786 2678 Lucanorum,
808 2594 1015 2679 Samnitum,
1038 2595 1270 2665 Sabinorum:
1310 2613 1340 2665 et

207 2713 248 2766 ut
268 2695 451 2788 Zopyrion
472 2697 510 2764 in
530 2697 643 2768 Ponto
663 2721 740 2766 cum
759 2699 915 2766 exercilu
937 2699 1050 2790 periit.

446 2871 707 2991 Pionooui
747 2861 897 2991 dianna
937 2883 1054 2992 XIII.¹
1124 2909 1126 2911 ·

290 3039 551 3110 Tertiodeoimo
568 3041 742 3109 volumine
757 3046 970 3111 continentur
991 3043 1087 3113 haec.
1130 3041 1182 3114 Ut
1198 3059 1341 3116 mortuo

207 3145 424 3229 ¹Alexandro,
439 3144 618 3236 optimates
632 3159 820 3214 castrorum
828 3169 911 3227 erue
927 3169 1183 3234 provinciarum
1191 3173 1343 3241 imperia

92 3323 98 3330 ⁸
208 3247 278 3317 aiut
297 3249 434 3340 partiti:
455 3264 496 3316 ut
515 3246 680 3332 veterani,
703 3249 763 3338 qui
785 3250 973 3318 abeodem
994 3250 1075 3318 lecti
1095 3266 1193 3318 erant
1212 3253 1257 3320 in
1280 3275 1341 3322 oo·

205 3352 326 3435 ioniae,
349 3352 475 3433 moliti,
496 3350 624 3420 relictis
645 3339 764 3435 illie,
752 3377 790 3441 sn
803 3353 981 3422 Graeciam
1000 3355 1132 3436 redire,
1153 3355 1343 3426 aPitlrone

95 3526 104 3534 ,
138 3473 141 3497 ·
180 3502 182 3507 -
209 3455 280 3524 sint
299 3455 414 3524 deleti.
457 3455 590 3523 Bellum
605 3432 798 3524 Lamiacum
802 3458 919 3546 ,quod
933 3449 1148 3548 Antipater'
1134 3473 1173 3524 ιἰι
1189 3455 1343 3528 Graecia

207 3559 324 3648 gessit.
367 3559 512 3652 Bellum,
535 3582 602 3650 quo
627 3559 805 3630 Perdiccae
826 3585 942 3650 regem
963 3561 1178 3630 Ariarathen
1197 3563 1341 3648 occidit,

86 3677 90 3686 “
152 3687 155 3692 ·
196 3677 244 3729 'et
265 3677 303 3728 ut
322 3662 452 3730 occisus
473 3677 535 3729 est.
578 3663 722 3749 Bellum,
744 3688 812 3762 quo
830 3665 998 3732 Eumenes
1019 3664 1286 3783 Meoplolemum
1304 3681 1336 3733 et

164 3805 173 3838 .·
207 3755 387 3936 gruterum
408 3765 543 3834 occidit
586 3760 771 3838 Additae
759 3793 798 3837 ιιι
821 3791 965 3837 excessu
985 3767 1137 3864 origines
1166 3791 1337 3859 regesque

236 3889 433 3993 γιοιιιιιιιιι,

468 4017 725 4144 Pnoaoocs
766 4059 917 4130 ernr
958 4059 1072 4131 XIV.¹

289 4201 560 4300 Quartodecimo'
589 4215 763 4285 volumine
800 4193 1014 4286 continentur
1049 4203 1147 4282 haeess·
1197 4209 1343 4280 Bellum

32 4335 43 4359 ‘
69 4363 79 4392 ι
203 4309 295 4387 iiler
305 4317 522 4413 Antigonum
542 4327 576 4391 ιι
596 4317 769 4398 Eumenen
790 4327 939 4416 gestumr
960 4343 1061 4413 quem
1080 4331 1119 4387 ut
1140 4315 1342 4408 Cappado-
