2786 4856
251 313 447 398 urstrous
472 315 560 364 ure.
586 313 692 364 xxx.
736 299 832 362 car.
862 269 910 368 ss
1064 289 1140 363 213

28 476 97 565 egis
117 473 222 540 lateri
242 475 388 556 iunctus,
409 473 585 542 civitatem
609 473 768 560 regebat:
801 474 1008 554 tribunatus,
1028 495 1133 568 prae7

28 581 169 660 'ceturam
187 591 229 644 'et
252 578 392 644 ducatus
418 578 577 643 mulieres
609 577 828 660 ordinabeutr
865 601 926 643 nec
954 579 1131 664 quisquam
1178 607 1183 651 ι

30 707 47 748 ιι
65 703 170 770 reguo
194 703 261 747 suo
281 681 390 746 suiuus
404 703 503 770 quam
518 679 591 766 ipse
613 695 842 768 rex-poteret.
887 683 970 748 Cmn
985 681 1162 760 interimo

27 785 125 850 elicto
146 784 359 873 quinquenni
380 807 427 856 ex
445 784 621 874 Eurydice
643 805 762 852 sorore
782 784 864 866 lilio,
888 785 1047 851 moritur:
1071 783 1132 848 sed
1173 813 1176 822 r
1266 767 1271 778 ’

27 911 95 953 nors
117 888 206 968 eius,
259 889 339 954 duur
372 887 546 975 pecuniam
568 887 696 975 regiam
716 888 880 954 ,mulieres
907 887 1060 976 rapiunt,
1097 900 1131 952 et

27 991 194 1079 ¹inperium,
218 991 403 1059 initacum
425 990 665 1080 perditissimis
684 991 855 1074 sacietate,
879 1012 1046 1081 occupare
1067 1009 1131 1078 ιο*

27 1109 144 1176 tantur,
183 1093 246 1160 diu
267 1094 526 1163 occultetafuit.
568 1094 621 1160 Re
642 1109 755 1162 tamen
778 1093 929 1183 cognita,
964 1101 1161 1160 concursu?
1274 1137 1277 1142 -

27 1197 233 1264 uultitudiuis
262 1213 296 1264 et
313 1189 536 1287 Agathocles.
555 1197 740 1280 occiditur,
779 1212 812 1264 et
833 1198 993 1264 mulieres
1013 1195 1052 1264 iu
1074 1196 1153 1260 ulw

27 1299 130 1367 ionem
145 1300 340 1390 Eurydices
360 1301 528 1392 patibulis.
543 1299 749 1388 suffigentur.
793 1300 904 1367 Morte
924 1301 1027 1389 regis,
1045 1305 1163 1386 sup-8

27 1403 108 1488 elicio
136 1404 358 1471 meretricum
388 1399 484 1472 velut
512 1404 652 1521 expiata
685 1401 785 1491 ¹regui
812 1403 970 1480 infamia,
1000 1406 1131 1490 legatos

27 1506 238 1574 Alexandrini
253 1510 305 1574 ed
327 1509 501 1578 Romanos
527 1508 670 1591 misere,
713 1517 867 1610 orantes,
909 1523 951 1570 uc
977 1508 1131 1570 tutelam

27 1613 136 1696 capilli
175 1613 421 1714 susciperentr
472 1627 734 1697 mereaturque
774 1633 922 1700 reguum
954 1607 1130 1695 Aegypti,

27 1714 107 1800 quod
138 1719 215 1779 iam
251 1715 465 1804 Philippum
494 1731 530 1788 et
557 1711 802 1782 Antiochum,
826 1710 941 1806 facta
972 1714 1068 1774 inter
1093 1731 1133 1812 sc

27 1819 195 1886 tectione,
220 1815 381 1882 divisisse
402 1817 571 1896 dicebant.

92 1919 181 1984 Gur.
204 1943 260 1987 ιιι.
307 1918 413 1986 Grata
439 1919 566 2008 legatio
592 1917 755 1984 Romanis
788 1917 872 1998 fuit,
901 1939 1018 1984 causas
1046 1912 1159 1980 bellit

27 2021 168 2088 adversus
190 2023 387 2112 Philippum
410 2021 659 2112 quaerentibus,
682 2019 741 2108 qui
762 2021 945 2108 iusidiatos
960 2016 1132 2107 tempori·-

27 2123 74 2190 bus
94 2127 208 2194 Punici
230 2128 315 2192 belli
334 2126 460 2193 fueret.
501 2125 578 2194 Huc
599 2126 795 2207 accedebat,
819 2123 928 2214 quod,
950 2121 1072 2191 Poenis
1092 2129 1166 2209 ει2ι
1256 2115 1258 2124 “

26 2225 197 2295 Hannibale
219 2245 390 2320 superato,
411 2230 534 2296 nullius
556 2229 662 2315 magis
684 2251 776 2294 arma
798 2229 1006 2323 metuebant,
1021 2247 1134 2314 repu«

26 2330 171 2414 tentibus,
185 2329 360 2422 ‘quantum
387 2349 516 2400 motum
536 2333 694 2424 Pyrrhus
715 2351 821 2420 parva
842 2355 943 2398 runnu
966 2329 1130 2395 Macedo-

26 2455 92 2497 uum
104 2435 137 2500 iu
153 2427 250 2502 ltalia
267 2437 412 2518 fecisset,
427 2451 635 2526 quantasque
651 2457 706 2502 res
721 2435 922 2500 Macedones
937 2433 974 2498 iu
988 2431 1130 2498 Oriente
1233 2487 1236 2492 .
1341 2429 1348 2445 ⁴

28 2537 196 2621 gessissent.
241 2539 425 2606 Mittuntur
442 2540 557 2628 itaque
577 2538 693 2626 legati,
714 2537 773 2626 qui
792 2537 966 2602 Antiocho
988 2532 1159 2604 etthi-s
1248 2589 1250 2596 ,

27 2639 105 2728 lippo
124 2643 336 2725 denuntient,
357 2660 468 2731 regno
485 2644 647 2730 Aegypti
669 2643 886 2704 obstineant.
924 2637 1076 2706 Mittitur
1096 2639 1160 2702 etA
1272 2721 1278 2730 ,

28 2741 62 2806 ll.
74 2745 213 2836 Lepidus
233 2748 272 2814 in
287 2749 497 2835 Aegyptum,
514 2747 575 2834 qui
594 2744 721 2812 tutorio
743 2742 883 2808 nom-ine
900 2763 1043 2830 regnum
1059 2763 1129 2827 pu·-

28 2845 89 2932 pilli
109 2851 331 2916 administret.
375 2849 467 2916 Dum
482 2851 569 2916 haec
591 2863 753 2938 aguntur,
780 2844 918 2910 iuterim
939 2843 1159 2932 legationesb
1220 2894 1223 2906 ,

29 2949 123 3015 Attali
145 2953 254 3041 regis,
285 2965 318 3018 et
338 2953 567 3036 Rhodiorum,
608 2951 750 3018 iniurias
770 2948 920 3040 Philippi
940 2961 1129 3036 querentes,
1208 2973 1210 2980 ·

28 3050 153 3122 Romam
176 3071 356 3124 venerunt.
400 3054 572 3141 Quaeres
594 3053 997 3124 omuemcuuctatiouem
1010 3051 1129 3118 Mace-
1189 3067 1191 3072 ·

31 3153 127 3224 douici
147 3160 230 3224 belli
252 3159 385 3226 senatui
406 3161 565 3268 exemit·
589 3157 713 3226 Statim
731 3157 852 3245 igitur,
876 3157 974 3224 titulo
994 3153 1158 3221 ferendis

30 3259 115 3326 sociis
136 3262 273 3344 auxilii,
297 3264 422 3328 bellum
444 3263 609 3330 adversus
628 3262 824 3350 Philippum
845 3259 1050 3342 decernitur,
1071 3262 1128 3323 te·
1200 3313 1203 3322 ,

31 3361 196 3452 gionesqne
223 3368 464 3434 cum-consule
491 3366 527 3431 iu
560 3365 794 3432 Macedoniam
827 3363 1015 3430 mittuntur.
1055 3362 1156 3430 Nec?
1188 3397 1190 3405 ·

30 3469 118 3532 multo
138 3483 215 3556 post
236 3485 390 3561 tempore
408 3483 480 3540 tota
494 3469 647 3551 Graecia,
664 3469 787 3538 fiducia
801 3468 1040 3550 Romanorum,
1063 3467 1129 3532 ad-

31 3587 134 3636 versus
155 3573 348 3663 Philippum
364 3591 430 3663 'spe
448 3573 616 3663 pristinae
638 3571 806 3640 libertatis
832 3583 960 3652 erecta,
1001 3571 1129 3638 bellum

32 3668 58 3732 ei
74 3672 198 3742 intulit:
228 3693 330 3765 atque
347 3677 399 3744 ita
420 3699 496 3742 cum
515 3691 580 3744 reu
601 3675 754 3764 undique
772 3687 989 3765 urgueretur,
1007 3668 1127 3764 pacem

31 3788 131 3858 petere
166 3780 386 3870 compellitur.
434 3779 567 3848 Deinde
599 3803 675 3845 cum
707 3780 883 3868 expositae
917 3776 1158 3870 conditionesss

31 3877 109 3960 pacis
122 3904 142 3949 a
153 3879 318 3992 Romanis
330 3897 439 3953 esseut
441 3897 621 3971 ,repetere
636 3906 696 3949 sua
717 3897 750 3950 et
766 3885 915 3968 Attalus,
932 3895 966 3949 et
985 3879 1161 3980 Rhodii,

450 4061 523 4106 mv.
543 4063 637 4104 LEGT
656 4061 780 4107 GRAEV
837 4128 840 4138 Δ

70 4207 142 4276 Gar.
176 4239 214 4304 ιι.
234 4223 258 4302 ι.
282 4225 315 4281 6ι
358 4217 412 4282 diu
432 4214 591 4278 occulta
603 4217 683 4304 suit.

69 4309 140 4378 Cur.
163 4341 214 4383 ιιι.
236 4325 260 4406 ᾗ.
284 4331 312 4387 t.
352 4345 510 4406 causum
532 4318 831 4382 belli-iustitium
851 4325 923 4397 eis,
943 4321 1133 4403 ιιιιιιιοιιἹιιιι.Ι
1189 4320 1196 4338 ’
