2702 4852
1128 187 1156 224 ’ἱ

214 277 266 354 84
592 261 916 356 :usurus¹
1020 301 1023 308 ’

223 465 321 535 dibus
344 465 497 555 corporis
518 466 650 534 medius
669 461 761 535 inter
781 461 868 534 dnos
886 461 1127 548 Alexandros,
1148 461 1255 530 filium
1275 485 1330 550 ge-

189 579 424 659 nuerumqne,
449 571 685 653 contenderet,
705 571 906 653 Pausanias,
927 569 1053 640 nobilis
1075 592 1122 634 ex
1141 563 1330 632 Macedoni-

222 673 286 740 bus
315 674 526 757 adolescens,
563 673 698 742 'nemini
726 688 914 764 suspectus,
965 671 1137 765 occupatis
1167 667 1329 755 angustiis,

105 785 112 796 '
222 774 416 866 Philippum
437 777 473 842 in
494 777 638 844 transitu
659 779 854 859 obtruncat:
882 777 1039 866 diemque
1059 773 1210 842 laetitiae
1231 770 1330 836 desti-

124 902 128 916 ·
192 884 358 962 5natum,
379 906 382 918 ·
401 879 541 951 foedum
561 883 652 946 lnotn
673 881 805 948 funeris
826 879 918 946 facit.
973 879 1041 946 Hic
1061 876 1182 968 primis
1209 875 1330 966 puber-

144 969 150 984 ’
219 981 300 1048 tatis
335 984 430 1052 annis
453 971 698 1074 stuprnm‘per
716 983 876 1081 iniuriam
899 1006 1017 1074 passus
1047 984 1090 1048 ab
1111 981 1233 1048 Attalo
1261 977 1329 1042 lue-

113 1189 116 1198 '
191 1201 300 1256 finam
321 1190 520 1277 perductum
549 1189 586 1256 in
607 1190 821 1272 convivium,
850 1191 1063 1278 solutumque
1091 1209 1205 1272 mero,
1234 1186 1329 1250 Atta-

219 1294 273 1358 lus
306 1315 378 1360 non
412 1317 491 1360 suae
521 1307 668 1376 tantum,
707 1316 830 1360 verum
856 1275 898 1358 ‘et
929 1279 1152 1360 convivarum
1184 1287 1327 1368 libidini,

217 1397 313 1462 velut
347 1411 496 1464 scortum
528 1395 614 1478 vile,
653 1397 856 1478 subiecerat,
902 1395 1154 1482 ludibriumque
1189 1390 1327 1458 omnium

186 1497 310 1567 tinter
330 1501 487 1587 aequales
505 1499 711 1565 reddiderat.
745 1497 934 1564 Honorem
956 1521 1057 1585 aegre
1075 1495 1188 1563 ferens
1209 1493 1328 1562 Pausa-

113 1679 115 1684 ,
187 1600 312 1682 8nias,
353 1603 525 1690 querelam
551 1601 711 1692 Philippo
737 1625 841 1691 saepe
872 1601 1047 1668 detulerat.
1112 1599 1198 1666 Cum
1233 1597 1326 1664 variis

216 1703 493 1794 frustrationibus
528 1725 599 1771 non
627 1705 702 1770 siue
729 1705 801 1770 risu
828 1703 1041 1786 differretur,
1075 1717 1109 1769 et
1135 1705 1326 1770 honoratum

121 1886 126 1890 .
216 1806 356 1894 insuper
396 1805 519 1872 ducatu
541 1791 788 1874 ‘adversarium
824 1821 996 1892 cerneret,
1036 1807 1122 1872 iram
1156 1807 1193 1872 in
1225 1807 1325 1896 ipsum

216 1909 412 1998 Philippum
431 1909 554 1993 vertit,
582 1910 828 1999 ultionemque,
857 1935 959 2000 qnam
981 1913 1024 1978 ab
1049 1909 1248 1978 adversario
1267 1930 1325 1975 non

216 2025 359 2102 poterat,
386 2015 429 2079 ab
449 2013 569 2102 iniqno
590 2013 703 2080 iudice
724 2013 850 2102 exegit.
937 2066 942 2075 .

184 2117 201 2190 1
299 2113 388 2182 Car.
412 2139 475 2182 vu.
519 2115 694 2182 Creditum
730 2129 781 2182 est
809 2117 913 2185 etiam
932 2107 1124 2200 immissum
1142 2117 1185 2182 ab
1209 2113 1324 2201 Olym-

214 2217 316 2310 piade
342 2231 451 2284 matre
477 2218 673 2286 Alexandri
700 2218 830 2302 fuisse:
865 2245 926 2288 nec
957 2223 1069 2312 ipsum
1095 2221 1323 2308 Alexandrum

184 2321 371 2409 2ignarum
404 2335 566 2410 paternae
600 2321 712 2388 caedis
740 2324 931 2392 exstitisse:
966 2323 1092 2416 quippe
1125 2347 1196 2390 non
1224 2323 1321 2388 minus

101 2481 105 2488 .
200 2423 422 2513 Olympiada
461 2425 665 2512 repudium,
709 2441 743 2492 et
777 2418 961 2512 praelatam
998 2417 1068 2494 'sibi
1104 2427 1321 2515 Cleopatram,

100 2581 105 2592 ,
181 2535 314 2614 3qnam
335 2539 487 2614 stuprum
508 2527 708 2594 Pausaniam
728 2529 886 2616 doluisse.
924 2533 1322 2619 Alexandrumffqncque,

113 2629 117 2646 ‘
212 2628 313 2718 regni
341 2631 506 2696 aemulum
535 2630 676 2697 fratrem
704 2655 751 2697 ex
770 2655 918 2722 noverca
938 2649 1131 2726 susceptum
1163 2634 1321 2700 timuisse:

214 2753 323 2822 eoque
341 2732 482 2816 factum,
512 2745 549 2798 ut
575 2734 612 2798 in
634 2723 803 2804 convivio¹
818 2743 917 2803 antea'
933 2739 1081 2828 primum
1103 2763 1180 2806 cnm
1200 2738 1320 2818 Attalo,
1348 2781 1349 2867 q

81 2896 84 2907 ,
183 2843 299 2902 lmox
318 2858 393 2904 cum
415 2835 490 2925 ipso
512 2849 607 2923 patre
628 2837 797 2926 iurgaret:
824 2840 909 2907 adeo
930 2855 968 2907 ut
991 2843 1092 2913 etiam
1114 2842 1233 2908 stricto
1254 2843 1320 2928 gla-

214 2940 272 3006 dio
294 2963 371 3004 eum
392 2939 569 3028 Philippus
591 2937 802 3028 consectatus
822 2942 880 3026 sit,
915 2969 1083 3035 aegreque
1105 2969 1124 3012 a
1143 2945 1206 3012 filii
1229 2943 1320 3010 caede
1347 2983 1348 3048 p

182 3041 401 3124 caminorum
420 3043 579 3130 precibus
603 3041 774 3110 exoratus.
816 3046 1045 3130 Quamobrem
1065 3050 1267 3117 Alexander
1285 3047 1320 3112 ad
1347 3051 1348 3098 l

106 3143 109 3152 ’
212 3146 415 3212 avunculum
444 3169 481 3210 se
502 3145 539 3210 in
559 3143 702 3232 Epirum
724 3170 800 3214 cnm
821 3164 944 3235 matre,
976 3152 1056 3218 inde
1079 3154 1123 3218 ad
1141 3177 1257 3242 regem
1277 3151 1320 3216 ll-

182 3249 381 3338 olyriorum
410 3244 614 3315 contulerat:
645 3247 777 3340 vixque
802 3255 978 3321 revocanti
1000 3256 1173 3344 mitigatus
1195 3271 1243 3338 est
1262 3280 1319 3345 pa·

211 3349 275 3433 tri,
299 3349 542 3440 'precibusque
580 3366 801 3439 cognatorum
837 3379 938 3443 aegre
973 3359 1088 3426 redire
1123 3362 1318 3450 compulsus.

68 3515 71 3523 .
162 3449 392 3544 '70lympias
413 3443 546 3542 qn'oque
566 3453 706 3522 fratrem
720 3478 820 3522 suum
831 3460 1069 3529 Alexandrum
1089 3463 1186 3552 Epiri
1212 3487 1326 3557 regem,

211 3557 249 3622 in
285 3557 410 3622 bellum
446 3553 673 3626 subornabat:
705 3560 987 3652 pervicissetque,
1021 3565 1174 3634 nifiliae
1200 3566 1318 3655 nuptiis

181 3671 311 3748 tpater
339 3671 500 3748 generum
530 3659 736 3752 occupasset.
777 3663 841 3732 His
868 3667 1010 3735 stimulis
1040 3669 1169 3739 irarum
1191 3671 1317 3759 utrique

211 3761 427 3846 Pausaniam,
453 3763 495 3830 de
516 3763 716 3854 impunitate
736 3768 846 3856 stupri
868 3770 924 3837 sui
942 3788 1155 3862 querentem,
1183 3775 1225 3842 ad
1244 3788 1318 3842 tan--

463 3979 468 3993 x
528 3987 530 3990 Ι
562 3922 633 3968 nrv.
655 3925 745 3984 anor:
767 3912 901 3974 testarer.¹

618 4009 791 4029 *s

61 4129 64 4134 .
152 4113 156 4123 ι
254 4072 334 4138 Cur.
356 4097 404 4139 vr.
426 4073 455 4174 ᾗ..
472 4083 503 4140 3.
526 4076 682 4162 Philippus
703 4079 785 4144 dum
813 4085 875 4158 sine
895 4085 1063 4152 custodibus
1083 4087 1205 4153 medius.

252 4177 328 4240 Car.
353 4199 418 4244 vu.
450 4183 474 4262 l.
496 4191 528 4248 2.
562 4181 778 4266 Olmpindem.

453 4289 477 4365 i·
501 4293 532 4346 3.
561 4311 650 4372 eoque
672 4305 814 4370 actum,
844 4291 926 4359 ut'in
947 4299 1094 4360 convicio.
