<?xml version="1.0" encoding="UTF-8"?>
<!DOCTYPE html PUBLIC "-//W3C//DTD XHTML 1.0 Transitional//EN"
    "http://www.w3.org/TR/xhtml1/DTD/xhtml1-transitional.dtd">
<html xmlns="http://www.w3.org/1999/xhtml" xml:lang="en" lang="en">
 <head>
  <title>
</title>
<meta http-equiv="Content-Type" content="text/html;charset=utf-8" />
  <meta name='ocr-system' content='tesseract 3.04.00' />
  <meta name='ocr-capabilities' content='ocr_page ocr_carea ocr_par ocr_line ocrx_word'/>
</head>
<body>
  <div class='ocr_page' id='page_1' title='image "./historiaephilip01justgoog_0358.png"; bbox 0 0 2786 4856; ppageno 0'>
   <div class='ocr_carea' id='block_1_1' title="bbox 249 279 1157 388">
    <p class='ocr_par' dir='ltr' id='par_1_1' title="bbox 249 279 1157 388">
     <span class='ocr_line' id='line_1_1' title="bbox 249 279 1157 388; baseline -0.002 -26"><span class='ocrx_word' id='word_1_1' title='bbox 249 284 872 377; x_wconf 74' lang='lat' dir='ltr'><strong>ntsron.a1s.xxxv1.&#39;&#39;car.</strong></span> <span class='ocrx_word' id='word_1_2' title='bbox 901 296 952 362; x_wconf 56' lang='lat' dir='ltr'><strong>tt</strong></span> <span class='ocrx_word' id='word_1_3' title='bbox 1078 279 1157 388; x_wconf 71' lang='grc'><strong>239</strong></span> 
     </span>
    </p>
   </div>
   <div class='ocr_carea' id='block_1_2' title="bbox 4 467 1261 4381">
    <p class='ocr_par' dir='ltr' id='par_1_2' title="bbox 13 467 1261 2212">
     <span class='ocr_line' id='line_1_2' title="bbox 23 467 1261 563; baseline -0.003 -23"><span class='ocrx_word' id='word_1_4' title='bbox 23 473 145 563; x_wconf 85' lang='lat' dir='ltr'><strong>magis,</strong></span> <span class='ocrx_word' id='word_1_5' title='bbox 160 487 193 540; x_wconf 85' lang='lat' dir='ltr'><strong>st</strong></span> <span class='ocrx_word' id='word_1_6' title='bbox 208 471 442 562; x_wconf 73' lang='lat' dir='ltr'><strong>invinent-nm</strong></span> <span class='ocrx_word' id='word_1_7' title='bbox 461 493 591 540; x_wconf 86' lang='lat' dir='ltr'><strong>morem</strong></span> <span class='ocrx_word' id='word_1_8' title='bbox 613 469 823 538; x_wconf 80' lang='lat' dir='ltr'><strong>excoluntur.</strong></span> <span class='ocrx_word' id='word_1_9' title='bbox 864 467 1145 552; x_wconf 62' lang='lat' dir='ltr'><strong>Hancertoanni</strong></span> <span class='ocrx_word' id='word_1_10' title='bbox 1253 519 1261 550; x_wconf 70' lang='lat'><strong>,</strong></span> 
     </span>
     <span class='ocr_line' id='line_1_3' title="bbox 21 571 1245 663; baseline 0.001 -22"><span class='ocrx_word' id='word_1_11' title='bbox 21 589 180 663; x_wconf 86' lang='lat' dir='ltr'><strong>ternpore</strong></span> <span class='ocrx_word' id='word_1_12' title='bbox 201 578 385 646; x_wconf 77' lang='lat' dir='ltr'>balsamum</span> <span class='ocrx_word' id='word_1_13' title='bbox 408 576 546 644; x_wconf 53' lang='lat' dir='ltr'><strong>sudanti</strong></span> <span class='ocrx_word' id='word_1_14' title='bbox 583 573 651 642; x_wconf 88' lang='lat' dir='ltr'><strong>Sed</strong></span> <span class='ocrx_word' id='word_1_15' title='bbox 673 596 743 642; x_wconf 88' lang='lat' dir='ltr'><strong>non</strong></span> <span class='ocrx_word' id='word_1_16' title='bbox 756 575 868 640; x_wconf 89' lang='lat' dir='ltr'><strong>minor</strong></span> <span class='ocrx_word' id='word_1_17' title='bbox 879 571 946 638; x_wconf 88' lang='lat' dir='ltr'><strong>loci</strong></span> <span class='ocrx_word' id='word_1_18' title='bbox 963 571 1033 638; x_wconf 85' lang='lat' dir='ltr'><strong>sius</strong></span> <span class='ocrx_word' id='word_1_19' title='bbox 1048 573 1175 660; x_wconf 72' lang='lat' dir='ltr'><strong>apri-5</strong></span> <span class='ocrx_word' id='word_1_20' title='bbox 1243 595 1245 610; x_wconf 91' lang='lat'><em>·</em></span> 
     </span>
     <span class='ocr_line' id='line_1_4' title="bbox 23 673 1176 771; baseline -0.002 -25"><span class='ocrx_word' id='word_1_21' title='bbox 23 679 142 747; x_wconf 88' lang='lat' dir='ltr'><strong>citatis</strong></span> <span class='ocrx_word' id='word_1_22' title='bbox 164 682 264 768; x_wconf 84' lang='lat' dir='ltr'><strong>quain</strong></span> <span class='ocrx_word' id='word_1_23' title='bbox 278 681 444 771; x_wconf 84' lang='lat' dir='ltr'><strong>ubertatis¹</strong></span> <span class='ocrx_word' id='word_1_24' title='bbox 457 673 636 746; x_wconf 88' lang='lat' dir='ltr'><strong>admiratio</strong></span> <span class='ocrx_word' id='word_1_25' title='bbox 652 688 722 746; x_wconf 83' lang='lat' dir='ltr'><strong>est:</strong></span> <span class='ocrx_word' id='word_1_26' title='bbox 743 673 869 768; x_wconf 85' lang='lat' dir='ltr'><strong>quippe</strong></span> <span class='ocrx_word' id='word_1_27' title='bbox 884 699 957 742; x_wconf 89' lang='lat' dir='ltr'><strong>cum</strong></span> <span class='ocrx_word' id='word_1_28' title='bbox 974 677 1147 764; x_wconf 24' lang='lat' dir='ltr'><strong>tototnrbs</strong></span> <span class='ocrx_word' id='word_1_29' title='bbox 1173 753 1176 760; x_wconf 31' lang='lat'><strong>¹</strong></span> 
     </span>
     <span class='ocr_line' id='line_1_5' title="bbox 20 775 1189 871; baseline -0.003 -23"><span class='ocrx_word' id='word_1_30' title='bbox 20 775 180 870; x_wconf 75' lang='lat' dir='ltr'><strong>regidnis</strong></span> <span class='ocrx_word' id='word_1_31' title='bbox 203 785 276 851; x_wconf 85' lang='lat' dir='ltr'><strong>eius</strong></span> <span class='ocrx_word' id='word_1_32' title='bbox 300 779 555 852; x_wconf 84' lang='lat' dir='ltr'><strong>ardentissimus</strong></span> <span class='ocrx_word' id='word_1_33' title='bbox 577 781 780 863; x_wconf 35' lang='lat' dir='ltr'><strong>sol.sit„ibi</strong></span> <span class='ocrx_word' id='word_1_34' title='bbox 801 780 909 871; x_wconf 84' lang='lat' dir='ltr'><strong>tepidi</strong></span> <span class='ocrx_word' id='word_1_35' title='bbox 932 777 1019 848; x_wconf 80' lang='lat' dir='ltr'><strong>airis</strong></span> <span class='ocrx_word' id='word_1_36' title='bbox 1040 794 1146 846; x_wconf 58' lang='lat' dir='ltr'><strong>natu-s</strong></span> <span class='ocrx_word' id='word_1_37' title='bbox 1186 818 1189 826; x_wconf 88' lang='lat'>·</span> 
     </span>
     <span class='ocr_line' id='line_1_6' title="bbox 18 882 1178 1004; baseline -0.002 -52"><span class='ocrx_word' id='word_1_38' title='bbox 18 886 108 952; x_wconf 82' lang='lat' dir='ltr'><strong>ralis</strong></span> <span class='ocrx_word' id='word_1_39' title='bbox 130 887 297 972; x_wconf 76' lang='lat' dir='ltr'><strong>quaedam</strong></span> <span class='ocrx_word' id='word_1_40' title='bbox 318 911 356 954; x_wconf 88' lang='lat' dir='ltr'><strong>ac</strong></span> <span class='ocrx_word' id='word_1_41' title='bbox 379 901 539 1004; x_wconf 80' lang='lat' dir='ltr'><strong>perpetua</strong></span> <span class='ocrx_word' id='word_1_42' title='bbox 562 885 723 975; x_wconf 85' lang='lat' dir='ltr'><strong>apricitas</strong></span> <span class='ocrx_word' id='word_1_43' title='bbox 743 883 839 951; x_wconf 87' lang='lat' dir='ltr'><strong>inest</strong></span> <span class='ocrx_word' id='word_1_44' title='bbox 882 882 922 948; x_wconf 91' lang='lat' dir='ltr'><strong>ln</strong></span> <span class='ocrx_word' id='word_1_45' title='bbox 945 905 985 948; x_wconf 80' lang='lat' dir='ltr'><strong>ss</strong></span> <span class='ocrx_word' id='word_1_46' title='bbox 1005 884 1178 972; x_wconf 72' lang='lat' dir='ltr'><strong>regiones</strong></span> 
     </span>
     <span class='ocr_line' id='line_1_7' title="bbox 15 979 1145 1092; baseline 0.002 -40"><span class='ocrx_word' id='word_1_47' title='bbox 15 989 116 1056; x_wconf 84' lang='lat' dir='ltr'><strong>lacus</strong></span> <span class='ocrx_word' id='word_1_48' title='bbox 140 1003 190 1056; x_wconf 87' lang='lat' dir='ltr'><strong>est</strong></span> <span class='ocrx_word' id='word_1_49' title='bbox 210 991 433 1082; x_wconf 84' lang='lat' dir='ltr'><strong>Asphaltites,</strong></span> <span class='ocrx_word' id='word_1_50' title='bbox 453 989 522 1078; x_wconf 91' lang='lat' dir='ltr'><strong>qni·</strong></span> <span class='ocrx_word' id='word_1_51' title='bbox 533 1001 677 1080; x_wconf 84' lang='lat' dir='ltr'><strong>propter</strong></span> <span class='ocrx_word' id='word_1_52' title='bbox 696 979 962 1078; x_wconf 71' lang='lat' dir='ltr'>magnitudinem</span> <span class='ocrx_word' id='word_1_53' title='bbox 984 996 1026 1052; x_wconf 88' lang='lat' dir='ltr'><strong>st</strong></span> <span class='ocrx_word' id='word_1_54' title='bbox 1038 1007 1145 1092; x_wconf 67' lang='lat' dir='ltr'><strong>aquas</strong></span> 
     </span>
     <span class='ocr_line' id='line_1_8' title="bbox 14 1077 1175 1178; baseline 0.003 -23"><span class='ocrx_word' id='word_1_55' title='bbox 14 1089 293 1160; x_wconf 73' lang='lat' dir='ltr'><strong>immobilitatem</strong></span> <span class='ocrx_word' id='word_1_56' title='bbox 309 1095 493 1160; x_wconf 76' lang='lat' dir='ltr'><strong><em>Mortuum</em></strong></span> <span class='ocrx_word' id='word_1_57' title='bbox 515 1111 616 1160; x_wconf 82' lang='lat' dir='ltr'><strong>more</strong></span> <span class='ocrx_word' id='word_1_58' title='bbox 634 1089 766 1157; x_wconf 84' lang='lat' dir='ltr'><strong>dicitur</strong></span> <span class='ocrx_word' id='word_1_59' title='bbox 809 1092 892 1158; x_wconf 85' lang='lat' dir='ltr'><strong>Nam</strong></span> <span class='ocrx_word' id='word_1_60' title='bbox 908 1108 1017 1178; x_wconf 86' lang='lat' dir='ltr'><strong>neque</strong></span> <span class='ocrx_word' id='word_1_61' title='bbox 1031 1077 1175 1158; x_wconf 73' lang='lat' dir='ltr'><strong>ventis?</strong></span> 
     </span>
     <span class='ocr_line' id='line_1_9' title="bbox 13 1193 1145 1284; baseline 0.001 -25"><span class='ocrx_word' id='word_1_62' title='bbox 13 1212 198 1280; x_wconf 83' lang='lat' dir='ltr'><strong>movetur,</strong></span> <span class='ocrx_word' id='word_1_63' title='bbox 220 1199 398 1264; x_wconf 68' lang='lat' dir='ltr'><strong>resistente</strong></span> <span class='ocrx_word' id='word_1_64' title='bbox 420 1193 611 1262; x_wconf 73' lang='lat' dir='ltr'><strong>turbinibus</strong></span> <span class='ocrx_word' id='word_1_65' title='bbox 632 1193 813 1273; x_wconf 80' lang='lat' dir='ltr'><strong>bitumine,</strong></span> <span class='ocrx_word' id='word_1_66' title='bbox 838 1217 907 1283; x_wconf 91' lang='lat' dir='ltr'><strong>quo</strong></span> <span class='ocrx_word' id='word_1_67' title='bbox 929 1215 1014 1284; x_wconf 87' lang='lat' dir='ltr'><strong>aqua</strong></span> <span class='ocrx_word' id='word_1_68' title='bbox 1036 1195 1145 1260; x_wconf 86' lang='lat' dir='ltr'><strong>omnis</strong></span> 
     </span>
     <span class='ocr_line' id='line_1_10' title="bbox 15 1295 1145 1390; baseline 0.002 -28"><span class='ocrx_word' id='word_1_69' title='bbox 15 1311 218 1386; x_wconf 69' lang='lat' dir='ltr'><strong>stagnatur-3</strong></span> <span class='ocrx_word' id='word_1_70' title='bbox 240 1323 349 1390; x_wconf 85' lang='lat' dir='ltr'><strong>neque</strong></span> <span class='ocrx_word' id='word_1_71' title='bbox 371 1299 597 1388; x_wconf 87' lang='lat' dir='ltr'><strong>navigationis</strong></span> <span class='ocrx_word' id='word_1_72' title='bbox 618 1299 751 1388; x_wconf 87' lang='lat' dir='ltr'><strong>patiens</strong></span> <span class='ocrx_word' id='word_1_73' title='bbox 774 1305 835 1378; x_wconf 82' lang='lat' dir='ltr'><strong>est,</strong></span> <span class='ocrx_word' id='word_1_74' title='bbox 849 1297 1007 1388; x_wconf 85' lang='lat' dir='ltr'><strong>quoniam</strong></span> <span class='ocrx_word' id='word_1_75' title='bbox 1031 1295 1145 1364; x_wconf 87' lang='lat' dir='ltr'><strong>omnia</strong></span> 
     </span>
     <span class='ocr_line' id='line_1_11' title="bbox 13 1393 1145 1497; baseline 0 -31"><span class='ocrx_word' id='word_1_76' title='bbox 13 1400 94 1466; x_wconf 84' lang='lat' dir='ltr'><strong>vita</strong></span> <span class='ocrx_word' id='word_1_77' title='bbox 117 1404 264 1470; x_wconf 81' lang='lat' dir='ltr'><strong>carerrtia</strong></span> <span class='ocrx_word' id='word_1_78' title='bbox 287 1406 323 1470; x_wconf 91' lang='lat' dir='ltr'><strong>in</strong></span> <span class='ocrx_word' id='word_1_79' title='bbox 347 1401 548 1493; x_wconf 83' lang='lat' dir='ltr'><strong>profundum</strong></span> <span class='ocrx_word' id='word_1_80' title='bbox 572 1393 789 1488; x_wconf 60' lang='lat' dir='ltr'><strong>mergunturi</strong></span> <span class='ocrx_word' id='word_1_81' title='bbox 805 1400 1063 1497; x_wconf 31' lang='lat' dir='ltr'><strong>nsclmatariam</strong></span> <span class='ocrx_word' id='word_1_82' title='bbox 1086 1401 1145 1466; x_wconf 85' lang='lat' dir='ltr'><strong>ul-</strong></span> 
     </span>
     <span class='ocr_line' id='line_1_12' title="bbox 15 1498 1222 1598; baseline 0.002 -28"><span class='ocrx_word' id='word_1_83' title='bbox 15 1503 87 1570; x_wconf 91' lang='lat' dir='ltr'><strong>lam</strong></span> <span class='ocrx_word' id='word_1_84' title='bbox 113 1507 265 1589; x_wconf 85' lang='lat' dir='ltr'><strong>sustinet,</strong></span> <span class='ocrx_word' id='word_1_85' title='bbox 280 1507 345 1574; x_wconf 90' lang='lat' dir='ltr'><strong>nisi</strong></span> <span class='ocrx_word' id='word_1_86' title='bbox 359 1529 444 1598; x_wconf 87' lang='lat' dir='ltr'><strong>quae</strong></span> <span class='ocrx_word' id='word_1_87' title='bbox 460 1498 606 1584; x_wconf 86' lang='lat' dir='ltr'><strong>alutnine</strong></span> <span class='ocrx_word' id='word_1_88' title='bbox 626 1502 784 1573; x_wconf 70' lang='lat' dir='ltr'><strong>illinatur.</strong></span> <span class='ocrx_word' id='word_1_89' title='bbox 828 1501 976 1594; x_wconf 69' lang='lat' dir='ltr'><strong>Primum</strong></span> <span class='ocrx_word' id='word_1_90' title='bbox 992 1503 1143 1576; x_wconf 70' lang='lat' dir='ltr'><strong>Xerxes,</strong></span> <span class='ocrx_word' id='word_1_91' title='bbox 1156 1511 1182 1572; x_wconf 37' lang='lat'><strong>8*</strong></span> <span class='ocrx_word' id='word_1_92' title='bbox 1219 1545 1222 1554; x_wconf 79' lang='lat'><strong>,</strong></span> 
     </span>
     <span class='ocr_line' id='line_1_13' title="bbox 15 1607 1145 1696; baseline 0.002 -24"><span class='ocrx_word' id='word_1_93' title='bbox 15 1629 86 1672; x_wconf 85' lang='lat' dir='ltr'><strong>rex</strong></span> <span class='ocrx_word' id='word_1_94' title='bbox 102 1607 291 1693; x_wconf 80' lang='lat' dir='ltr'><strong>Persarum,</strong></span> <span class='ocrx_word' id='word_1_95' title='bbox 305 1611 447 1678; x_wconf 88' lang='lat' dir='ltr'><strong>ludaeos</strong></span> <span class='ocrx_word' id='word_1_96' title='bbox 471 1607 617 1676; x_wconf 76' lang='lat' dir='ltr'><strong>domuitt</strong></span> <span class='ocrx_word' id='word_1_97' title='bbox 639 1622 752 1696; x_wconf 86' lang='lat' dir='ltr'><strong>postea</strong></span> <span class='ocrx_word' id='word_1_98' title='bbox 776 1629 850 1674; x_wconf 88' lang='lat' dir='ltr'><strong>oum</strong></span> <span class='ocrx_word' id='word_1_99' title='bbox 874 1607 957 1694; x_wconf 87' lang='lat' dir='ltr'><strong>ipsis</strong></span> <span class='ocrx_word' id='word_1_100' title='bbox 977 1607 1085 1675; x_wconf 86' lang='lat' dir='ltr'><strong>Persis</strong></span> <span class='ocrx_word' id='word_1_101' title='bbox 1107 1607 1145 1674; x_wconf 91' lang='lat' dir='ltr'><strong>in</strong></span> 
     </span>
     <span class='ocr_line' id='line_1_14' title="bbox 16 1697 1144 1801; baseline 0.004 -27"><span class='ocrx_word' id='word_1_102' title='bbox 16 1710 187 1800; x_wconf 81' lang='lat' dir='ltr'><strong>ditionem</strong></span> <span class='ocrx_word' id='word_1_103' title='bbox 207 1713 402 1778; x_wconf 75' lang='lat' dir='ltr'><strong>Alexandri</strong></span> <span class='ocrx_word' id='word_1_104' title='bbox 433 1713 547 1794; x_wconf 70' lang='lat' dir='ltr'><strong>Magni</strong></span> <span class='ocrx_word' id='word_1_105' title='bbox 577 1697 720 1794; x_wconf 82' lang='lat' dir='ltr'><strong>vobere,</strong></span> <span class='ocrx_word' id='word_1_106' title='bbox 744 1712 891 1800; x_wconf 67' lang='lat' dir='ltr'><strong>,diuque</strong></span> <span class='ocrx_word' id='word_1_107' title='bbox 912 1713 947 1776; x_wconf 90' lang='lat' dir='ltr'><strong>in</strong></span> <span class='ocrx_word' id='word_1_108' title='bbox 975 1703 1144 1801; x_wconf 70' lang='lat' dir='ltr'><strong>potestate</strong></span> 
     </span>
     <span class='ocr_line' id='line_1_15' title="bbox 16 1809 1254 1908; baseline 0.001 -29"><span class='ocrx_word' id='word_1_109' title='bbox 16 1813 232 1883; x_wconf 79' lang='lat' dir='ltr'><strong>Macedonici</strong></span> <span class='ocrx_word' id='word_1_110' title='bbox 258 1810 395 1906; x_wconf 87' lang='lat' dir='ltr'><strong>imperii</strong></span> <span class='ocrx_word' id='word_1_111' title='bbox 423 1809 563 1883; x_wconf 86' lang='lat' dir='ltr'><strong>subiecti</strong></span> <span class='ocrx_word' id='word_1_112' title='bbox 594 1816 715 1904; x_wconf 74' lang='lat' dir='ltr'><strong>Syriae</strong></span> <span class='ocrx_word' id='word_1_113' title='bbox 737 1837 842 1902; x_wconf 79' lang='lat' dir='ltr'><strong>regno</strong></span> <span class='ocrx_word' id='word_1_114' title='bbox 864 1813 967 1880; x_wconf 83' lang='lat' dir='ltr'><strong>luera.</strong></span> <span class='ocrx_word' id='word_1_115' title='bbox 1010 1817 1046 1880; x_wconf 88' lang='lat' dir='ltr'><strong>A</strong></span> <span class='ocrx_word' id='word_1_116' title='bbox 1067 1813 1176 1908; x_wconf 57' lang='lat' dir='ltr'><strong>De79</strong></span> <span class='ocrx_word' id='word_1_117' title='bbox 1252 1863 1254 1872; x_wconf 20' lang='grc' dir='ltr'><em>Α</em></span> 
     </span>
     <span class='ocr_line' id='line_1_16' title="bbox 16 1915 1144 2012; baseline 0.002 -28"><span class='ocrx_word' id='word_1_118' title='bbox 16 1920 143 1986; x_wconf 87' lang='lat' dir='ltr'><strong>metrio</strong></span> <span class='ocrx_word' id='word_1_119' title='bbox 157 1943 233 1986; x_wconf 89' lang='lat' dir='ltr'><strong>cum</strong></span> <span class='ocrx_word' id='word_1_120' title='bbox 250 1915 481 1999; x_wconf 71' lang='lat' dir='ltr'><strong>desciuissent,</strong></span> <span class='ocrx_word' id='word_1_121' title='bbox 504 1918 650 2012; x_wconf 82' lang='lat' dir='ltr'><strong>amicitia</strong></span> <span class='ocrx_word' id='word_1_122' title='bbox 668 1917 898 1983; x_wconf 83' lang='lat' dir='ltr'><strong>Romanorum</strong></span> <span class='ocrx_word' id='word_1_123' title='bbox 915 1917 1028 2006; x_wconf 84' lang='lat' dir='ltr'><strong>petita,</strong></span> <span class='ocrx_word' id='word_1_124' title='bbox 1041 1918 1144 2006; x_wconf 86' lang='lat' dir='ltr'><strong>primi</strong></span> 
     </span>
     <span class='ocr_line' id='line_1_17' title="bbox 18 2013 1143 2110; baseline 0 -22"><span class='ocrx_word' id='word_1_125' title='bbox 18 2022 173 2090; x_wconf 87' lang='lat' dir='ltr'><strong>omniurn</strong></span> <span class='ocrx_word' id='word_1_126' title='bbox 195 2047 241 2088; x_wconf 86' lang='lat' dir='ltr'><strong>ex</strong></span> <span class='ocrx_word' id='word_1_127' title='bbox 254 2023 490 2088; x_wconf 70' lang='lat' dir='ltr'><strong>Orientalibus</strong></span> <span class='ocrx_word' id='word_1_128' title='bbox 512 2013 703 2086; x_wconf 88' lang='lat' dir='ltr'><strong>libertatem</strong></span> <span class='ocrx_word' id='word_1_129' title='bbox 725 2035 936 2110; x_wconf 86' lang='lat' dir='ltr'><strong>receperunt,</strong></span> <span class='ocrx_word' id='word_1_130' title='bbox 951 2019 1050 2088; x_wconf 85' lang='lat' dir='ltr'><strong>lacile</strong></span> <span class='ocrx_word' id='word_1_131' title='bbox 1064 2036 1143 2088; x_wconf 90' lang='lat' dir='ltr'><strong>tuno</strong></span> 
     </span>
     <span class='ocr_line' id='line_1_18' title="bbox 19 2120 720 2212; baseline -0.006 -21"><span class='ocrx_word' id='word_1_132' title='bbox 19 2120 188 2192; x_wconf 85' lang='lat' dir='ltr'><strong>Romania</strong></span> <span class='ocrx_word' id='word_1_133' title='bbox 209 2126 253 2191; x_wconf 89' lang='lat' dir='ltr'><strong>de</strong></span> <span class='ocrx_word' id='word_1_134' title='bbox 276 2125 386 2192; x_wconf 88' lang='lat' dir='ltr'><strong>alieno</strong></span> <span class='ocrx_word' id='word_1_135' title='bbox 405 2122 639 2212; x_wconf 86' lang='lat' dir='ltr'><strong>largientibus.</strong></span> <span class='ocrx_word' id='word_1_136' title='bbox 716 2201 720 2210; x_wconf 21' lang='lat' dir='ltr'>f</span> 
     </span>
    </p>

    <p class='ocr_par' dir='ltr' id='par_1_3' title="bbox 4 2219 1251 4381">
     <span class='ocr_line' id='line_1_19' title="bbox 108 2219 1168 2319; baseline 0.001 -24"><span class='ocrx_word' id='word_1_137' title='bbox 108 2229 203 2296; x_wconf 76' lang='lat' dir='ltr'><strong>Car.</strong></span> <span class='ocrx_word' id='word_1_138' title='bbox 226 2253 277 2294; x_wconf 80' lang='lat' dir='ltr'><strong>tv.</strong></span> <span class='ocrx_word' id='word_1_139' title='bbox 322 2229 387 2294; x_wconf 85' lang='lat' dir='ltr'><strong>Per</strong></span> <span class='ocrx_word' id='word_1_140' title='bbox 409 2229 524 2292; x_wconf 82' lang='lat' dir='ltr'><strong>eadem</strong></span> <span class='ocrx_word' id='word_1_141' title='bbox 553 2243 725 2316; x_wconf 88' lang='lat' dir='ltr'><strong>tempora,</strong></span> <span class='ocrx_word' id='word_1_142' title='bbox 747 2222 870 2316; x_wconf 88' lang='lat' dir='ltr'><strong>quibus</strong></span> <span class='ocrx_word' id='word_1_143' title='bbox 892 2219 928 2294; x_wconf 91' lang='lat' dir='ltr'><strong>in</strong></span> <span class='ocrx_word' id='word_1_144' title='bbox 952 2221 1053 2319; x_wconf 79' lang='lat' dir='ltr'><strong>Syria</strong></span> <span class='ocrx_word' id='word_1_145' title='bbox 1076 2237 1168 2296; x_wconf 82' lang='lat' dir='ltr'><strong>re-l</strong></span> 
     </span>
     <span class='ocr_line' id='line_1_20' title="bbox 18 2327 1142 2422; baseline 0.002 -26"><span class='ocrx_word' id='word_1_146' title='bbox 18 2331 79 2422; x_wconf 83' lang='lat' dir='ltr'><strong>gni</strong></span> <span class='ocrx_word' id='word_1_147' title='bbox 109 2331 252 2398; x_wconf 88' lang='lat' dir='ltr'><strong>mutatio</strong></span> <span class='ocrx_word' id='word_1_148' title='bbox 279 2332 369 2397; x_wconf 88' lang='lat' dir='ltr'><strong>inter</strong></span> <span class='ocrx_word' id='word_1_149' title='bbox 396 2353 504 2397; x_wconf 87' lang='lat' dir='ltr'><strong>novos</strong></span> <span class='ocrx_word' id='word_1_150' title='bbox 528 2355 625 2420; x_wconf 83' lang='lat' dir='ltr'><strong>reges</strong></span> <span class='ocrx_word' id='word_1_151' title='bbox 651 2327 890 2410; x_wconf 68' lang='lat' dir='ltr'><strong>alternabitur,</strong></span> <span class='ocrx_word' id='word_1_152' title='bbox 917 2333 950 2398; x_wconf 92' lang='lat' dir='ltr'><strong>in</strong></span> <span class='ocrx_word' id='word_1_153' title='bbox 967 2335 1052 2400; x_wconf 88' lang='lat' dir='ltr'><strong>Asia</strong></span> <span class='ocrx_word' id='word_1_154' title='bbox 1077 2356 1142 2399; x_wconf 80' lang='lat' dir='ltr'><strong>rex</strong></span> 
     </span>
     <span class='ocr_line' id='line_1_21' title="bbox 18 2428 1245 2532; baseline -0.001 -30"><span class='ocrx_word' id='word_1_155' title='bbox 18 2438 162 2502; x_wconf 86' lang='lat' dir='ltr'><strong>Attalus</strong></span> <span class='ocrx_word' id='word_1_156' title='bbox 177 2433 451 2502; x_wconf 81' lang='lat' dir='ltr'><strong>florentissimum</strong></span> <span class='ocrx_word' id='word_1_157' title='bbox 466 2436 507 2499; x_wconf 90' lang='lat' dir='ltr'><strong>ab</strong></span> <span class='ocrx_word' id='word_1_158' title='bbox 521 2428 666 2499; x_wconf 18' lang='lat' dir='ltr'><strong>dilanieris</strong></span> <span class='ocrx_word' id='word_1_159' title='bbox 683 2443 802 2520; x_wconf 85' lang='lat' dir='ltr'><strong>patruo</strong></span> <span class='ocrx_word' id='word_1_160' title='bbox 818 2451 988 2530; x_wconf 68' lang='lat' dir='ltr'><strong>acceptum</strong></span> <span class='ocrx_word' id='word_1_161' title='bbox 1002 2457 1143 2532; x_wconf 79' lang='lat' dir='ltr'><strong>regnum</strong></span> <span class='ocrx_word' id='word_1_162' title='bbox 1242 2451 1245 2472; x_wconf 84' lang='lat'>¹</span> 
     </span>
     <span class='ocr_line' id='line_1_22' title="bbox 19 2538 1141 2626; baseline 0 -21"><span class='ocrx_word' id='word_1_163' title='bbox 19 2539 182 2606; x_wconf 87' lang='lat' dir='ltr'><strong>caedibus</strong></span> <span class='ocrx_word' id='word_1_164' title='bbox 216 2538 417 2618; x_wconf 87' lang='lat' dir='ltr'><strong>amicorum,</strong></span> <span class='ocrx_word' id='word_1_165' title='bbox 451 2549 485 2600; x_wconf 87' lang='lat' dir='ltr'><strong>et</strong></span> <span class='ocrx_word' id='word_1_166' title='bbox 513 2541 734 2625; x_wconf 86' lang='lat' dir='ltr'><strong>cognatorum</strong></span> <span class='ocrx_word' id='word_1_167' title='bbox 762 2538 935 2626; x_wconf 87' lang='lat' dir='ltr'><strong>suppliciis</strong></span> <span class='ocrx_word' id='word_1_168' title='bbox 960 2539 1141 2622; x_wconf 68' lang='lat' dir='ltr'><strong>loedabat,</strong></span> 
     </span>
     <span class='ocr_line' id='line_1_23' title="bbox 18 2631 1141 2728; baseline -0.002 -19"><span class='ocrx_word' id='word_1_169' title='bbox 18 2667 110 2709; x_wconf 89' lang='lat' dir='ltr'><strong>nuno</strong></span> <span class='ocrx_word' id='word_1_170' title='bbox 139 2631 278 2706; x_wconf 82' lang='lat' dir='ltr'><strong>matrem</strong></span> <span class='ocrx_word' id='word_1_171' title='bbox 312 2663 429 2722; x_wconf 89' lang='lat' dir='ltr'><strong>anum,</strong></span> <span class='ocrx_word' id='word_1_172' title='bbox 464 2663 554 2706; x_wconf 88' lang='lat' dir='ltr'><strong>nuno</strong></span> <span class='ocrx_word' id='word_1_173' title='bbox 575 2640 763 2706; x_wconf 80' lang='lat' dir='ltr'><strong>Berenicen</strong></span> <span class='ocrx_word' id='word_1_174' title='bbox 790 2656 947 2728; x_wconf 88' lang='lat' dir='ltr'><strong>sponsam</strong></span> <span class='ocrx_word' id='word_1_175' title='bbox 969 2642 1141 2708; x_wconf 84' lang='lat' dir='ltr'><strong>maleficiis</strong></span> 
     </span>
     <span class='ocr_line' id='line_1_24' title="bbox 19 2743 1167 2831; baseline 0 -19"><span class='ocrx_word' id='word_1_176' title='bbox 19 2770 142 2814; x_wconf 87' lang='lat' dir='ltr'><strong>eorum</strong></span> <span class='ocrx_word' id='word_1_177' title='bbox 161 2757 295 2810; x_wconf 89' lang='lat' dir='ltr'><strong>necatas</strong></span> <span class='ocrx_word' id='word_1_178' title='bbox 317 2743 521 2831; x_wconf 83' lang='lat' dir='ltr'><strong>confingens.</strong></span> <span class='ocrx_word' id='word_1_179' title='bbox 565 2743 645 2810; x_wconf 89' lang='lat' dir='ltr'><strong>Post</strong></span> <span class='ocrx_word' id='word_1_180' title='bbox 667 2745 752 2808; x_wconf 88' lang='lat' dir='ltr'><strong>hanc</strong></span> <span class='ocrx_word' id='word_1_181' title='bbox 766 2745 937 2808; x_wconf 87' lang='lat' dir='ltr'><strong>scelestam</strong></span> <span class='ocrx_word' id='word_1_182' title='bbox 952 2743 1167 2812; x_wconf 83' lang='lat' dir='ltr'><strong>violentiae2</strong></span> 
     </span>
     <span class='ocr_line' id='line_1_25' title="bbox 18 2843 1142 2936; baseline -0.001 -19"><span class='ocrx_word' id='word_1_183' title='bbox 18 2843 171 2930; x_wconf 83' lang='lat' dir='ltr'><strong>rabiem,</strong></span> <span class='ocrx_word' id='word_1_184' title='bbox 193 2843 379 2936; x_wconf 83' lang='lat' dir='ltr'><strong>squalidam</strong></span> <span class='ocrx_word' id='word_1_185' title='bbox 402 2859 532 2913; x_wconf 87' lang='lat' dir='ltr'><strong>vestem</strong></span> <span class='ocrx_word' id='word_1_186' title='bbox 555 2845 673 2926; x_wconf 87' lang='lat' dir='ltr'><strong>sumit;</strong></span> <span class='ocrx_word' id='word_1_187' title='bbox 700 2847 836 2910; x_wconf 86' lang='lat' dir='ltr'><strong>barbam</strong></span> <span class='ocrx_word' id='word_1_188' title='bbox 860 2847 1083 2936; x_wconf 81' lang='lat' dir='ltr'><strong>capillumque</strong></span> <span class='ocrx_word' id='word_1_189' title='bbox 1105 2849 1142 2916; x_wconf 91' lang='lat' dir='ltr'><strong>in</strong></span> 
     </span>
     <span class='ocr_line' id='line_1_26' title="bbox 18 2947 1141 3039; baseline -0.002 -18"><span class='ocrx_word' id='word_1_190' title='bbox 18 2955 160 3020; x_wconf 89' lang='lat' dir='ltr'><strong>modum</strong></span> <span class='ocrx_word' id='word_1_191' title='bbox 179 2969 313 3017; x_wconf 89' lang='lat' dir='ltr'><strong>reorum</strong></span> <span class='ocrx_word' id='word_1_192' title='bbox 337 2950 519 3016; x_wconf 81' lang='lat' dir='ltr'><strong>submittit:</strong></span> <span class='ocrx_word' id='word_1_193' title='bbox 562 2971 627 3015; x_wconf 93' lang='lat' dir='ltr'><strong>non</strong></span> <span class='ocrx_word' id='word_1_194' title='bbox 651 2949 687 3016; x_wconf 91' lang='lat' dir='ltr'><strong>in</strong></span> <span class='ocrx_word' id='word_1_195' title='bbox 709 2950 877 3036; x_wconf 86' lang='lat' dir='ltr'><strong>publicum</strong></span> <span class='ocrx_word' id='word_1_196' title='bbox 899 2947 1048 3039; x_wconf 84' lang='lat' dir='ltr'><strong>prodire,</strong></span> <span class='ocrx_word' id='word_1_197' title='bbox 1073 2973 1141 3019; x_wconf 91' lang='lat' dir='ltr'><strong>non</strong></span> 
     </span>
     <span class='ocr_line' id='line_1_27' title="bbox 17 3044 1225 3149; baseline -0.002 -27"><span class='ocrx_word' id='word_1_198' title='bbox 17 3059 149 3149; x_wconf 84' lang='lat' dir='ltr'><strong>populo</strong></span> <span class='ocrx_word' id='word_1_199' title='bbox 179 3079 214 3120; x_wconf 89' lang='lat' dir='ltr'><strong>se</strong></span> <span class='ocrx_word' id='word_1_200' title='bbox 246 3053 444 3136; x_wconf 88' lang='lat' dir='ltr'><strong>ostendere,</strong></span> <span class='ocrx_word' id='word_1_201' title='bbox 481 3044 553 3120; x_wconf 65' lang='lat' dir='ltr'><strong>‘non</strong></span> <span class='ocrx_word' id='word_1_202' title='bbox 583 3048 676 3138; x_wconf 81' lang='lat' dir='ltr'><strong>dorni</strong></span> <span class='ocrx_word' id='word_1_203' title='bbox 698 3053 1020 3137; x_wconf 18' lang='lat' dir='ltr'><strong>laetioraxconvivin</strong></span> <span class='ocrx_word' id='word_1_204' title='bbox 1042 3055 1140 3140; x_wconf 89' lang='lat' dir='ltr'><strong>inire,</strong></span> <span class='ocrx_word' id='word_1_205' title='bbox 1185 3113 1186 3116; x_wconf 67' lang='grc'>,</span> <span class='ocrx_word' id='word_1_206' title='bbox 1219 3055 1225 3072; x_wconf 73' lang='grc'><strong>“</strong></span> 
     </span>
     <span class='ocr_line' id='line_1_28' title="bbox 4 3151 1139 3246; baseline -0.004 -18"><span class='ocrx_word' id='word_1_207' title='bbox 4 3177 77 3228; x_wconf 46' lang='lat' dir='ltr'><strong>aaut</strong></span> <span class='ocrx_word' id='word_1_208' title='bbox 100 3156 236 3246; x_wconf 85' lang='lat' dir='ltr'><strong>aliquod</strong></span> <span class='ocrx_word' id='word_1_209' title='bbox 260 3157 390 3244; x_wconf 87' lang='lat' dir='ltr'><strong>signum</strong></span> <span class='ocrx_word' id='word_1_210' title='bbox 414 3156 485 3222; x_wconf 79' lang='lat' dir='ltr'><strong>sa&#39;ni</strong></span> <span class='ocrx_word' id='word_1_211' title='bbox 508 3151 812 3238; x_wconf 84' lang='lat' dir='ltr'><strong>hominisbabere,</strong></span> <span class='ocrx_word' id='word_1_212' title='bbox 832 3177 971 3244; x_wconf 88' lang='lat' dir='ltr'><strong>prorsus</strong></span> <span class='ocrx_word' id='word_1_213' title='bbox 995 3172 1028 3222; x_wconf 90' lang='lat' dir='ltr'><strong>ut</strong></span> <span class='ocrx_word' id='word_1_214' title='bbox 1052 3179 1139 3246; x_wconf 87' lang='lat' dir='ltr'><strong>poe-</strong></span> 
     </span>
     <span class='ocr_line' id='line_1_29' title="bbox 17 3253 1171 3350; baseline -0.001 -18"><span class='ocrx_word' id='word_1_215' title='bbox 17 3289 80 3332; x_wconf 87' lang='lat' dir='ltr'><strong>nas</strong></span> <span class='ocrx_word' id='word_1_216' title='bbox 114 3253 263 3350; x_wconf 78' lang='lat' dir='ltr'><strong>pendere</strong></span> <span class='ocrx_word' id='word_1_217' title='bbox 296 3259 450 3324; x_wconf 87' lang='lat' dir='ltr'><strong>manibus</strong></span> <span class='ocrx_word' id='word_1_218' title='bbox 485 3260 740 3332; x_wconf 75' lang='lat' dir='ltr'><strong>interl&#39;ecto&#39;rtun</strong></span> <span class='ocrx_word' id='word_1_219' title='bbox 778 3259 961 3326; x_wconf 88' lang='lat' dir='ltr'><strong>videretur.</strong></span> <span class='ocrx_word' id='word_1_220' title='bbox 1007 3261 1171 3332; x_wconf 70' lang='lat' dir='ltr'><strong>Omissad</strong></span> 
     </span>
     <span class='ocr_line' id='line_1_30' title="bbox 16 3359 1140 3452; baseline -0.003 -17"><span class='ocrx_word' id='word_1_221' title='bbox 16 3367 147 3435; x_wconf 79' lang='lat' dir='ltr'><strong>deinde</strong></span> <span class='ocrx_word' id='word_1_222' title='bbox 164 3362 260 3450; x_wconf 87' lang='lat' dir='ltr'><strong>regni</strong></span> <span class='ocrx_word' id='word_1_223' title='bbox 283 3359 581 3441; x_wconf 89' lang='lat' dir='ltr'><strong>administratione,</strong></span> <span class='ocrx_word' id='word_1_224' title='bbox 598 3365 716 3429; x_wconf 85' lang='lat' dir='ltr'><strong>hortos</strong></span> <span class='ocrx_word' id='word_1_225' title='bbox 737 3361 899 3443; x_wconf 79' lang='lat' dir='ltr'><strong>fodiebat,</strong></span> <span class='ocrx_word' id='word_1_226' title='bbox 915 3363 1066 3452; x_wconf 88' lang='lat' dir='ltr'><strong>gramina</strong></span> <span class='ocrx_word' id='word_1_227' title='bbox 1081 3391 1140 3432; x_wconf 88' lang='lat' dir='ltr'><strong>se-</strong></span> 
     </span>
     <span class='ocr_line' id='line_1_31' title="bbox 14 3464 1141 3556; baseline -0.001 -18"><span class='ocrx_word' id='word_1_228' title='bbox 14 3469 178 3547; x_wconf 87' lang='lat' dir='ltr'><strong>minabat,</strong></span> <span class='ocrx_word' id='word_1_229' title='bbox 195 3480 228 3530; x_wconf 85' lang='lat' dir='ltr'><strong>et</strong></span> <span class='ocrx_word' id='word_1_230' title='bbox 249 3464 352 3530; x_wconf 87' lang='lat' dir='ltr'><strong>noxia</strong></span> <span class='ocrx_word' id='word_1_231' title='bbox 376 3465 526 3532; x_wconf 78' lang='lat' dir='ltr'><strong>innoxiis</strong></span> <span class='ocrx_word' id='word_1_232' title='bbox 548 3466 792 3556; x_wconf 76' lang='lat' dir='ltr'><strong>permiscebat3</strong></span> <span class='ocrx_word' id='word_1_233' title='bbox 814 3487 919 3554; x_wconf 88' lang='lat' dir='ltr'><strong>eaque</strong></span> <span class='ocrx_word' id='word_1_234' title='bbox 938 3469 1049 3532; x_wconf 85' lang='lat' dir='ltr'><strong>omnia</strong></span> <span class='ocrx_word' id='word_1_235' title='bbox 1073 3489 1141 3536; x_wconf 78' lang='lat' dir='ltr'><strong>ve-</strong></span> 
     </span>
     <span class='ocr_line' id='line_1_32' title="bbox 15 3564 1169 3671; baseline -0.003 -29"><span class='ocrx_word' id='word_1_236' title='bbox 15 3575 97 3642; x_wconf 89' lang='lat' dir='ltr'><strong>neni</strong></span> <span class='ocrx_word' id='word_1_237' title='bbox 115 3577 214 3642; x_wconf 84' lang='lat' dir='ltr'><strong>suc&#39;co</strong></span> <span class='ocrx_word' id='word_1_238' title='bbox 235 3568 368 3647; x_wconf 84' lang='lat' dir='ltr'><strong>inlecta,</strong></span> <span class='ocrx_word' id='word_1_239' title='bbox 383 3569 475 3633; x_wconf 88' lang='lat' dir='ltr'><strong>velut</strong></span> <span class='ocrx_word' id='word_1_240' title='bbox 500 3564 670 3657; x_wconf 83' lang='lat' dir='ltr'><strong>peculiare</strong></span> <span class='ocrx_word' id='word_1_241' title='bbox 690 3591 818 3650; x_wconf 87' lang='lat' dir='ltr'><strong>munus,</strong></span> <span class='ocrx_word' id='word_1_242' title='bbox 839 3569 955 3636; x_wconf 86' lang='lat' dir='ltr'><strong>amicis</strong></span> <span class='ocrx_word' id='word_1_243' title='bbox 973 3571 1169 3671; x_wconf 74' lang='lat' dir='ltr'><strong>mittebatd</strong></span> 
     </span>
     <span class='ocr_line' id='line_1_33' title="bbox 14 3665 1138 3763; baseline -0.004 -18"><span class='ocrx_word' id='word_1_244' title='bbox 14 3681 77 3746; x_wconf 90' lang='lat' dir='ltr'><strong>Ab</strong></span> <span class='ocrx_word' id='word_1_245' title='bbox 107 3677 181 3746; x_wconf 89' lang='lat' dir='ltr'><strong>hoe</strong></span> <span class='ocrx_word' id='word_1_246' title='bbox 202 3672 325 3754; x_wconf 90' lang='lat' dir='ltr'><strong>studio,</strong></span> <span class='ocrx_word' id='word_1_247' title='bbox 348 3672 496 3738; x_wconf 86' lang='lat' dir='ltr'><strong>aerariae</strong></span> <span class='ocrx_word' id='word_1_248' title='bbox 517 3671 598 3738; x_wconf 89' lang='lat' dir='ltr'><strong>artis</strong></span> <span class='ocrx_word' id='word_1_249' title='bbox 621 3671 769 3738; x_wconf 83' lang='lat' dir='ltr'><strong>fabricae</strong></span> <span class='ocrx_word' id='word_1_250' title='bbox 791 3695 828 3738; x_wconf 86' lang='lat' dir='ltr'><strong>se</strong></span> <span class='ocrx_word' id='word_1_251' title='bbox 839 3675 963 3756; x_wconf 87' lang='lat' dir='ltr'><strong>tradit,</strong></span> <span class='ocrx_word' id='word_1_252' title='bbox 986 3665 1138 3763; x_wconf 85' lang='lat' dir='ltr'><strong>cerisque</strong></span> 
     </span>
     <span class='ocr_line' id='line_1_34' title="bbox 12 3771 1138 3894; baseline -0.006 -45"><span class='ocrx_word' id='word_1_253' title='bbox 12 3779 201 3868; x_wconf 77' lang='lat' dir='ltr'><strong>fingendls,</strong></span> <span class='ocrx_word' id='word_1_254' title='bbox 231 3789 264 3841; x_wconf 91' lang='lat' dir='ltr'><strong>et</strong></span> <span class='ocrx_word' id='word_1_255' title='bbox 294 3799 370 3842; x_wconf 82' lang='lat' dir='ltr'><strong>aare</strong></span> <span class='ocrx_word' id='word_1_256' title='bbox 391 3775 568 3842; x_wconf 83' lang='lat' dir='ltr'><strong>tundendo</strong></span> <span class='ocrx_word' id='word_1_257' title='bbox 589 3771 875 3894; x_wconf 80' lang='lat' dir='ltr'><strong>procudendoque</strong></span> <span class='ocrx_word' id='word_1_258' title='bbox 897 3777 1138 3844; x_wconf 87' lang='lat' dir='ltr'><strong>oblectabatur.</strong></span> 
     </span>
     <span class='ocr_line' id='line_1_35' title="bbox 13 3875 1216 3974; baseline -0.004 -23"><span class='ocrx_word' id='word_1_259' title='bbox 13 3884 117 3951; x_wconf 86' lang='lat' dir='ltr'><strong>Matri</strong></span> <span class='ocrx_word' id='word_1_260' title='bbox 142 3881 265 3948; x_wconf 88' lang='lat' dir='ltr'><strong>deinde</strong></span> <span class='ocrx_word' id='word_1_261' title='bbox 288 3876 476 3966; x_wconf 75' lang='lat' dir='ltr'><strong>sepulcrum</strong></span> <span class='ocrx_word' id='word_1_262' title='bbox 499 3854 796 3945; x_wconf 84' lang='lat' dir='ltr'><strong>leeereinstitoit.</strong></span> <span class='ocrx_word' id='word_1_263' title='bbox 819 3881 874 3948; x_wconf 89' lang='lat' dir='ltr'><strong>cui</strong></span> <span class='ocrx_word' id='word_1_264' title='bbox 896 3879 994 3970; x_wconf 85' lang='lat' dir='ltr'><strong>operi</strong></span> <span class='ocrx_word' id='word_1_265' title='bbox 1019 3881 1137 3946; x_wconf 89' lang='lat' dir='ltr'><strong>inten</strong></span> <span class='ocrx_word' id='word_1_266' title='bbox 1149 3891 1172 3974; x_wconf 99' lang='lat'>5</span> <span class='ocrx_word' id='word_1_267' title='bbox 1213 3881 1216 3889; x_wconf 45' lang='lat'><em>¹</em></span> 
     </span>
     <span class='ocr_line' id='line_1_36' title="bbox 11 3967 1138 4072; baseline -0.002 -18"><span class='ocrx_word' id='word_1_268' title='bbox 11 4003 88 4069; x_wconf 84' lang='lat' dir='ltr'><strong>tua,</strong></span> <span class='ocrx_word' id='word_1_269' title='bbox 122 3983 278 4052; x_wconf 86' lang='lat' dir='ltr'><strong>morbum</strong></span> <span class='ocrx_word' id='word_1_270' title='bbox 301 4007 347 4048; x_wconf 83' lang='lat' dir='ltr'><strong>ex</strong></span> <span class='ocrx_word' id='word_1_271' title='bbox 368 3981 449 4050; x_wconf 89' lang='lat' dir='ltr'><strong>solis</strong></span> <span class='ocrx_word' id='word_1_272' title='bbox 471 3967 617 4048; x_wconf 77' lang='lat' dir='ltr'><strong>feriore</strong></span> <span class='ocrx_word' id='word_1_273' title='bbox 630 3983 819 4066; x_wconf 85' lang='lat' dir='ltr'><strong>contraxit,</strong></span> <span class='ocrx_word' id='word_1_274' title='bbox 862 3997 895 4052; x_wconf 89' lang='lat' dir='ltr'><strong>et</strong></span> <span class='ocrx_word' id='word_1_275' title='bbox 917 3972 1059 4072; x_wconf 86' lang='lat' dir='ltr'><strong>septima</strong></span> <span class='ocrx_word' id='word_1_276' title='bbox 1082 3985 1138 4052; x_wconf 86' lang='lat' dir='ltr'><strong>die</strong></span> 
     </span>
     <span class='ocr_line' id='line_1_37' title="bbox 12 4083 1136 4188; baseline -0.004 -29"><span class='ocrx_word' id='word_1_277' title='bbox 12 4087 170 4159; x_wconf 84' lang='lat' dir='ltr'><strong>decessit.</strong></span> <span class='ocrx_word' id='word_1_278' title='bbox 213 4083 322 4154; x_wconf 84' lang='lat' dir='ltr'><strong>Huius</strong></span> <span class='ocrx_word' id='word_1_279' title='bbox 351 4097 552 4152; x_wconf 84' lang='lat' dir='ltr'><strong>testamento</strong></span> <span class='ocrx_word' id='word_1_280' title='bbox 576 4086 672 4152; x_wconf 80' lang='lat' dir='ltr'><strong>lieres</strong></span> <span class='ocrx_word' id='word_1_281' title='bbox 677 4089 840 4188; x_wconf 86' lang='lat' dir='ltr'><strong>populns</strong></span> <span class='ocrx_word' id='word_1_282' title='bbox 864 4083 1035 4154; x_wconf 82' lang='lat' dir='ltr'><strong>Romanus</strong></span> <span class='ocrx_word' id='word_1_283' title='bbox 1057 4101 1136 4154; x_wconf 87' lang='lat' dir='ltr'><strong>tunc</strong></span> 
     </span>
     <span class='ocr_line' id='line_1_38' title="bbox 11 4177 1164 4270; baseline -0.005 -7"><span class='ocrx_word' id='word_1_284' title='bbox 11 4194 216 4264; x_wconf 67' lang='lat' dir='ltr'><strong>instituitur·</strong></span> <span class='ocrx_word' id='word_1_285' title='bbox 257 4191 325 4258; x_wconf 85' lang='lat' dir='ltr'><strong>Sed</strong></span> <span class='ocrx_word' id='word_1_286' title='bbox 348 4200 421 4256; x_wconf 85' lang='lat' dir='ltr'><strong>erat</strong></span> <span class='ocrx_word' id='word_1_287' title='bbox 450 4211 504 4254; x_wconf 83' lang='lat' dir='ltr'><strong>ex</strong></span> <span class='ocrx_word' id='word_1_288' title='bbox 517 4177 682 4256; x_wconf 85' lang='lat' dir='ltr'><strong>Eumene</strong></span> <span class='ocrx_word' id='word_1_289' title='bbox 687 4187 925 4270; x_wconf 85' lang='lat' dir='ltr'><strong>Aristonicus,</strong></span> <span class='ocrx_word' id='word_1_290' title='bbox 953 4210 1021 4256; x_wconf 90' lang='lat' dir='ltr'><strong>non</strong></span> <span class='ocrx_word' id='word_1_291' title='bbox 1042 4189 1164 4257; x_wconf 80' lang='lat' dir='ltr'><strong>iustotl</strong></span> 
     </span>
     <span class='ocr_line' id='line_1_39' title="bbox 11 4280 1251 4381; baseline -0.005 -14"><span class='ocrx_word' id='word_1_292' title='bbox 11 4295 248 4378; x_wconf 77' lang='lat' dir='ltr'><strong>matrimonio,</strong></span> <span class='ocrx_word' id='word_1_293' title='bbox 276 4293 340 4369; x_wconf 82' lang='lat' dir='ltr'><strong>red</strong></span> <span class='ocrx_word' id='word_1_294' title='bbox 359 4313 406 4359; x_wconf 85' lang='lat' dir='ltr'><strong>ex</strong></span> <span class='ocrx_word' id='word_1_295' title='bbox 427 4291 547 4381; x_wconf 86' lang='lat' dir='ltr'><strong>pellice</strong></span> <span class='ocrx_word' id='word_1_296' title='bbox 572 4291 721 4380; x_wconf 85' lang='lat' dir='ltr'><strong>Ephesia</strong></span> <span class='ocrx_word' id='word_1_297' title='bbox 744 4292 940 4362; x_wconf 85' lang='lat' dir='ltr'><strong>citharistae</strong></span> <span class='ocrx_word' id='word_1_298' title='bbox 961 4280 1137 4361; x_wconf 82' lang='lat' dir='ltr'><strong>cniusdam</strong></span> <span class='ocrx_word' id='word_1_299' title='bbox 1192 4288 1216 4377; x_wconf 40' lang='grc'><strong>’,</strong></span> <span class='ocrx_word' id='word_1_300' title='bbox 1247 4369 1251 4377; x_wconf 41' lang='grc'><strong>,</strong></span> 
     </span>
    </p>
   </div>
   <div class='ocr_carea' id='block_1_3' title="bbox 0 0 1398 4856">
    <p class='ocr_par' dir='ltr' id='par_1_4' title="bbox 0 0 1398 4856">
     <span class='ocr_line' id='line_1_40' title="bbox 0 0 1398 4856; baseline 0 1"><span class='ocrx_word' id='word_1_301' title='bbox 0 0 1398 4856; x_wconf 95' lang='lat' dir='ltr'><strong> </strong></span> 
     </span>
    </p>
   </div>
  </div>
 </body>
</html>
