2740 4854
193 311 253 359 nc
276 309 424 362 nnoot
446 305 583 362 rosas.
605 303 776 372 ,nouum
799 313 855 364 ur
878 314 1004 371 sucu.
1126 317 1206 370 ur
1249 309 1251 322 '

14 473 225 562 populorum,
251 491 395 562 quorum
422 473 551 539 mentio
579 471 669 540 forte
697 473 822 542 iniecta
852 491 956 558 esset,
990 476 1140 566 origines
1166 495 1204 549 et

13 557 209 646 antiquitates
234 570 439 646 exponeret}
457 581 529 648 quo
547 559 697 648 'denique
718 561 844 628 factum
866 577 990 645 est,rut
1012 563 1203 656 Philippica

14 645 67 708 eius
95 645 151 708 vet
183 643 398 711 Macedonica
425 645 590 712 historiae
619 646 869 734 quodammodo
897 648 1097 715 universatis
1125 653 1202 718 loco

13 743 118 808 essent,
155 729 202 794 ita
228 743 339 796 tamen
361 731 551 811 institutae,
581 745 616 795 ut
640 747 837 820 argumento
860 733 968 818 princi
984 733 1025 815 ni,
1045 759 1136 802 'eum
1159 740 1202 803 ab

12 813 193 878 excursibus
211 839 269 880 seu
293 815 456 902 cpisodiis
479 818 522 880 ad
543 817 627 880 ittud
650 818 707 882 ubi
734 841 775 882 ue
796 819 935 895 rediret,
957 759 1118 909 iilumque
1136 826 1202 890 ab·-

10 914 125 987 ruptum
150 915 352 984 resumeret,
389 901 519 990 reliqua
543 913 656 966 essent
678 841 838 968 subiecta.
892 901 992 987 Quod
1014 927 1121 994 genus
1142 909 1202 975 hi-

11 985 114 1048 storiae
146 986 344 1052 scribendae
372 1011 447 1053 cum
476 987 623 1074 primum
653 987 696 1052 ab
725 985 901 1054 Herodoto
931 988 1201 1076 apud'Graeco's

10 1069 247 1152 illatumesset,
284 1073 358 1160 (qui
379 1073 453 1160 ipse
476 1077 650 1160 podtarum
675 1071 864 1158 epicorum,
902 1076 1109 1162 adquorum
1133 1097 1202 1144 ex·-

11 1159 136 1242 emptum
165 1157 202 1220 in
231 1158 332 1222 rebus
362 1159 557 1246 digerendis
580 1173 614 1222 et
633 1158 831 1224 ordinandis
853 1183 927 1226 sese
954 1179 1200 1249 composuerat,

9 1241 133 1327 vestigia
156 1243 194 1306 in
217 1265 258 1308 eo
278 1243 410 1310 secutus
433 1246 514 1330 est.)
552 1257 669 1328 postea
692 1266 710 1308 a
735 1233 888 1308 'turibus
911 1245 1003 1327 aliis,
1042 1249 1199 1338 inprimis

5 1329 113 1391 'veroa
138 1327 384 1417 Theopompo,
418 1327 575 1395 isocratis
598 1267 782 1416 discipuib,
816 1329 1027 1418 adoptatum,
1056 1334 1120 1400 hac
1141 1337 1201 1406 via

10 1411 39 1474 ad
57 1411 227 1480 Romanos·
246 1415 422 1500 p'er'venit,
452 1428 593 1502 atqusa
613 1413 734 1504 Trogo
756 1435 892 1502 quoque
905 1415 1077 1505 ‘Pompeio
1098 1444 1200 1488 rece·

9 1509 81 1582 ptum
110 1511 178 1580 est,
221 1499 280 1588 qui
308 1525 328 1566 a
355 1500 584 1589 Theopompo
614 1520 682 1564 nou
712 1501 851 1566 modum
877 1515 1007 1567 tantum
1036 1504 1200 1574 historiae
1253 1565 1255 1571 ,

9 1583 186 1648 condendae
215 1600 253 1650 et
282 1607 389 1673 genus
420 1583 592 1658 scribendi
621 1599 779 1650 ornatum
809 1608 849 1652 ac
876 1585 950 1654 fere
978 1589 1200 1678 rhetoricum,

9 1669 53 1732 sed
71 1691 193 1736 nomen
215 1691 351 1762 quoque
371 1671 485 1760 operis
504 1685 674 1738 mutuatus
696 1683 791 1749 erat„

599 1891 617 1930 o

5 2013 6 2016 ,
72 1964 249 2054 Expositis
263 1965 378 2058 itaque
390 1965 451 2048 iis,
474 1885 565 2067 quad
582 1968 625 2032 de
645 1967 722 2056 ipso
745 1965 912 2057 scriptore
932 1965 1071 2056 eiusque
1092 1991 1198 2060 opere

7 2055 153 2116 monenda
186 2053 299 2132 erant‘,
337 2054 460 2118 accedo
488 2078 557 2119 nam
586 2053 629 2119 ad
659 2053 801 2118 atteram
828 2051 1073 2138 disquisitionis
1102 2080 1198 2130 meae

7 2147 135 2224 partem,
157 2137 193 2202 in
214 2161 299 2225 qua,
332 2161 420 2226 quos
443 2158 612 2204 auctores
637 2139 773 2226 Trogus
794 2138 988 2224 Pompeius
1010 2143 1049 2202 in
1068 2140 1199 2230 siugza-
1259 2183 1280 2196 ιι

5 2225 39 2298 tis
65 2229 179 2309 operis
209 2222 267 2288 sui
290 2227 458 2310 partibus
487 2244 627 2290 secutus
643 2223 790 2314 suerit,
828 2246 847 2288 a
875 2246 930 2288 me
959 2221 1197 2312 disputabitur.

8 2305 62 2372 Hac
88 2309 175 2373 enim
207 2321 335 2374 tantum
366 2309 423 2374 via
452 2332 515 2376 nos
537 2332 579 2376 eo
601 2311 828 2400 perventuros
850 2325 922 2374 esse
945 2309 1123 2393 existimo,
1159 2329 1208 2396 ut,

9 2393 40 2456 de
59 2393 254 2460 auctoritate
277 2393 453 2480 scriptoris
476 2395 602 2474 nostri,
632 2419 732 2484 quam
754 2393 826 2459 fere
846 2408 952 2460 totam
974 2417 1020 2460 ex
1042 2399 1198 2466 auctori·-

9 2478 71 2559 bm,
95 2503 181 2567 ¹¹quam
204 2477 304 2561 adiit,
336 2481 501 2564 pendere,
531 2503 631 2547 nemo
657 2503 726 2546 uon
751 2478 866 2562 videt,
888 2475 1012 2546 certius
1033 2479 1197 2553 iudicium

7 2563 78 2630 ferre
101 2565 289 2653 possimus.¹
321 2563 466 2646 Verum,
488 2589 543 2652 ‚ne
565 2566 692 2632 maiora
715 2565 822 2646 sorte,
852 2589 953 2652 quam
975 2587 993 2630 a
1015 2588 1070 2634 me
1091 2593 1197 2656 prae-

8 2651 71 2716 stari
91 2666 266 2739 poterunt,
289 2651 589 2740 exspectaveritis,
607 2651 766 2732 Sodales,
788 2649 824 2714 iu
846 2647 922 2736 ipso
944 2649 1061 2716 limine
1083 2655 1195 2741 stadii,

9 2740 80 2822 qnod
100 2736 345 2802 decurrendum
366 2735 451 2802 mibi
472 2759 579 2815 sumo,
602 2738 737 2823 paulum
757 2734 1017 2816 subsistendum,
1040 2750 1074 2802 et
1095 2745 1196 2827 quale

6 2821 75 2888 ittud
100 2825 141 2890 sit
167 2844 239 2888 uno
270 2821 368 2911 quasi
398 2823 520 2888 obtutu
539 2821 795 2892 ostendendum
818 2843 890 2886 esse
913 2819 1082 2890 arbitror:
1126 2849 1207 2914 quo·

8 2932 89 2996 qnam
111 2909 254 2974 arduum
276 2921 310 2972 et
332 2921 415 2996 quot
440 2907 643 2997 quantisque
665 2903 915 2996 difficultatibus
935 2905 1023 2972 iilud
1042 2907 1196 3000 impedi·-

6 3005 63 3060 tum
82 2995 138 3079 sit,
158 2993 262 3094 facile⁸
279 3014 398 3060 omues
418 2991 620 3086 intelligent.

5 3303 7 3308 ¹
73 3314 196 3405 Agitur
215 3337 301 3382 vero
321 3313 386 3394 hic,
410 3313 501 3404 quod
548 3227 671 3377 iimum
690 3309 894 3390 monendum
909 3309 1022 3393 duco,
1044 3309 1088 3378 de
1103 3315 1195 3382 scri-

5 3415 101 3488 ptore,
122 3427 220 3490 quem
244 3425 309 3467 non
333 3401 501 3490 integrum
523 3339 705 3474 babemus,
729 3397 788 3462 sed
812 3396 905 3462 cuius
928 3411 1089 3486 excerpta
1110 3413 1192 3468 tan-

7 3499 61 3550 tum
81 3491 111 3552 in
132 3489 262 3553 luscini
283 3487 594 3573 tibris‘supersupt.
638 3481 715 3568 Quo
746 3482 822 3570 ipso
850 3503 986 3548 omnem
1006 3485 1094 3568 hanc
1116 3487 1185 3552 dis·-

7 3573 198 3658 quisitionem
225 3574 312 3636 baud
338 3581 453 3659 parum
477 3569 651 3720 ἰηηκἽΞτί,Ι
675 3568 755 3634 satis
774 3591 837 3654 per
858 3591 894 3632 se
916 3581 1017 3658 patet.
1059 3571 1146 3637 Nam
1164 3573 1193 3640 si

6 3653 149 3738 integrum
173 3660 376 3728 haberemus,
401 3657 554 3755 Trogum
611 3655 811 3744 ompeium,
851 3652 1115 3732 facilius'etiam
1148 3657 1191 3723 de

7 3744 182 3809 anctoritate
213 3743 284 3810 eius
315 3765 353 3808 ac
380 3741 507 3808 iudicio
537 3741 664 3820 critico¹
685 3737 829 3828 disquiri
849 3760 967 3826 posse,
1000 3762 1078 3806 cum
1102 3763 1192 3808 nuno

7 3828 160 3912 praesidiis
184 3828 393 3916 gravissimis
415 3827 594 3895 destitutos
619 3845 719 3916 saepe
740 3825 777 3892 in
798 3825 948 3891 tenebris
970 3826 1104 3894 versari
1125 3851 1191 3894 ne·
1226 3877 1229 3888 .
1252 3890 1254 3897 .

9 3932 80 3978 cesse
98 3917 155 3996 sit,
177 3917 342 4016 quianon
364 3912 485 3982 videt?
673 3997 675 4000 Ι

75 4003 213 4066 Accedit
235 4001 278 4066 ad
302 4001 400 4078 baec,
424 3997 515 4088 quod
538 4019 600 4062 nec
622 3991 786 4086 lustinus,
814 4017 877 4062 nec
899 3993 1052 4082 ipse‚·ut
1073 3994 1189 4084 suspi-

5 4103 56 4147 cor
74 4087 237 4184 equidem,
261 4083 636 4176 ‘Trogust'ompeium
665 4081 805 4159 nomina
826 4092 1019 4162 auctorum,
1046 4101 1190 4168 quonum

6 4169 131 4258 vestigia
152 4165 294 4260 legeret',
338 4193 496 4260 usquam,
538 4191 581 4233 ns
609 4189 675 4232 uuo
705 4167 842 4256 quidem
869 4169 964 4250 1000,
1006 4166 1189 4234 addiderit.

7 4251 157 4336 Quodsi,
183 4259 349 4326 nou'dico
371 4257 408 4322 in
430 4255 604 4336 omnibus,
627 4267 661 4321 at
683 4267 774 4319 certe
794 4253 984 4334 interdum,
1007 4267 1192 4342 quantum-
1225 4329 1235 4335 -

7 4338 52 4403 vis
69 4364 152 4428 raro,
171 4341 422 4430 tactumesset,
441 4344 555 4412 lumen
575 4353 691 4408 tamen
710 4361 752 4406 eo
773 4337 875 4407 uobis
897 4357 1073 4407 accensum
1091 4337 1192 4423 foret,
1302 4389 1306 4399 .

925 4488 930 4497 ,
951 4423 982 4492 Ε

950 4533 953 4540 ι

841 4565 844 4573 a
