2740 4854
143 291 241 352 xciv,
270 283 271 291 ¹
557 247 663 364 aia,
687 291 723 342 a.
748 259 926 339 taanenu
1002 301 1005 308 ¹

103 475 106 488 ·
146 453 269 522 danius
290 447 490 539 descripsit,
525 449 584 518 sed
601 449 713 516 vetisuu
741 474 817 516 cum
837 449 1041 518 Parthorum
1062 449 1166 516 rebus
1194 451 1245 516 ita
1269 471 1351 516 con-

144 535 393 617 iunctafuera,
425 550 462 601 ut
483 537 543 624 qni
565 540 623 602 has
644 536 880 624 conscripserit
901 537 976 615 illes
999 535 1186 625 praeterire
1200 557 1275 602 non
1289 559 1351 623 po-

144 625 257 692 tuerit.
312 622 514 709 Exemplum
553 623 655 688 habes
690 624 942 708 Apollodorum
980 622 1205 702 Artemitam,
1254 645 1351 708 supra

143 707 469 788 laudatum‚=ouit'ts
501 707 655 790 Parthica
690 707 727 772 iu
753 709 855 774 rebus
885 707 1075 774 Bactrianis
1103 710 1221 772 laudat
1256 707 1351 771 Stra-

142 798 191 864 ho
205 796 251 882 a),
291 794 416 860 Noster
436 815 520 860 vero
542 795 705 880 scriptor,
733 817 813 858 num
837 817 912 859 eum
934 816 1069 882 quoque
1090 805 1230 880 praeter
1253 790 1351 858 Posi-

75 883 80 898 '
144 880 286 966 doniam
314 875 519 966 inspexerit,
541 879 729 969 'incertum
744 894 805 944 est.
838 879 840 884 ’

188 1005 193 1020 ·“
229 971 279 1050 Ιη’
304 981 503 1069 antiquitate
531 981 774 1048 Armeniorum
803 981 1023 1070 exponenda,
1058 1003 1158 1068 quam
1195 983 1350 1048 Insecuta·

143 1073 205 1150 asie
234 1067 400 1134 Iustinum
425 1081 570 1133 tractare
596 1092 713 1157 supra·
729 1067 825 1150 dixi,
867 1069 1004 1134 eosdem
1041 1079 1195 1131 auctores
1221 1081 1350 1132 secutus

145 1174 213 1240 est,
253 1179 300 1220 ex
329 1153 452 1240 quibua
480 1153 603 1220 Strabo
628 1148 766 1241 ‘quoque
796 1154 1015 1218 l'abulamde
1043 1151 1212 1216 Armenio
1246 1153 1354 1238 gentis

95 1271 99 1279 ·
145 1241 324 1312 conditore
360 1253 394 1303 et
429 1237 562 1304 Iasonis
598 1237 635 1302 in
666 1243 943 1328 Argonautarum
979 1237 1199 1324 expeditione
1231 1239 1350 1302 comite

145 1325 349 1415 depromsit,
383 1325 471 1387 unde
498 1323 732 1412 cognationem
762 1325 852 1390 inter
881 1323 1065 1390 Armenios
1102 1336 1135 1386 et
1167 1323 1350 1388 Thessalos

143 1411 357 1482 intercedere
392 1410 472 1472 olim
505 1407 669 1474 creditum
698 1410 837 1494 luisti),
888 1410 942 1474 lix
972 1413 1147 1498 poetarum
1183 1408 1351 1496 figmentis

129 1501 181 1576 ,jn
202 1494 378 1562 historiam
400 1493 482 1558 haec
504 1509 638 1580 recepta
662 1496 905 1576 esse,tdubium
929 1519 1002 1559 esse
1023 1495 1157 1582 nequit3
1180 1495 1243 1558 sed
1259 1493 1351 1560 Stra-

144 1579 357 1672 boquoque
386 1598 430 1642 cx
457 1601 523 1665 quo
552 1595 688 1644 auctore
716 1583 798 1646 haec
828 1582 981 1668 petierit,
1011 1603 1199 1645 memorare
1234 1581 1350 1668 negle-

145 1666 220 1749 xit3
248 1685 366 1753 ¹qnare
388 1687 467 1728 nuru
492 1665 547 1730 hic
570 1687 703 1754 quoque
725 1662 927 1734 Posidonius
949 1665 1070 1745 suerit,
1100 1688 1143 1730 an
1162 1665 1272 1748 alius,
1293 1667 1350 1730 de-

144 1754 245 1822 finire
266 1773 336 1818 non
359 1749 477 1814 audeo.
1079 1753 1083 1765 “
1235 1763 1239 1776 ’

697 1913 725 1995 a.
749 1920 800 1978 ss.

231 2011 295 2081 His
316 2031 401 2076 vero
423 2009 578 2081 omnihus
593 2013 759 2100 expositis
775 2011 915 2098 Trogus
935 2015 1035 2080 libris
1050 2013 1189 2078 duobus
1208 1997 1349 2100 post're-

147 2107 211 2169 mis
233 2100 274 2164 ad
300 2099 509 2164 occidentem
532 2121 717 2179 reversus,
737 2100 849 2187 primo
872 2099 930 2162 lib.
953 2097 1080 2164 XLIII.
1103 2097 1260 2182 origines
1282 2097 1360 2162 Ro·'

63 2233 66 2240 «
107 2265 108 2270 ¹
146 2207 324 2256 manorum
346 2195 380 2246 et
402 2181 500 2246 simul
524 2181 802 2266 Massiliensium,
824 2184 941 2248 ultimo
962 2206 1047 2250 vero
1066 2183 1193 2249 XLIV.
1215 2207 1274 2249 res
1292 2182 1360 2256 Iti-1

147 2269 300 2360 spaniae*
308 2268 405 2332 brevi
422 2281 607 2354 conspectu¹
625 2285 861 2356 proposuerat.
907 2269 992 2335 Sunt
1006 2285 1119 2334 tamen
1140 2269 1175 2335 in
1194 2269 1252 2335 his
1268 2289 1350 2357 quo-

83 2421 85 2428 ,
148 2379 215 2448 que
237 2353 332 2418 libris
354 2355 449 2438 plura
469 2367 654 2418 memoratu
685 2377 784 2442 quant
814 2352 961 2420 maxime
991 2356 1103 2444 digna.
1152 2353 1194 2421 In
1217 2341 1360 2421 'Roma-I

146 2461 269 2512 noritur
299 2437 390 2502 enim
417 2437 619 2524 antiquitate
647 2439 893 2524 illustrandae
922 2441 1132 2530 reliquorum
1161 2440 1300 2504 traditis
1319 2440 1349 2503 in

173 2527 303 2592 laribus
325 2523 485 2602 discetlit3
521 2545 608 2610 quae
634 2525 677 2588 de
699 2525 868 2590 Massiliae
898 2540 975 2592 ortu
998 2540 1032 2590 et
1053 2525 1273 2592 incrementis
1294 2527 1349 2590 ha-

146 2553 224 2692 het,
256 2607 400 2698 'praeter
434 2631 508 2676 eum
539 2610 722 2675 memoriae
758 2611 909 2676 servavit
943 2633 1052 2679 nemo.
1103 2611 1235 2676 Ve'rum
1269 2612 1359 2686 unde

54 2706 56 2720 '
134 2686 296 2767 'haenau
319 2713 360 2758 eo
385 2693 489 2780 petita
510 2692 724 2773 sint,'haud
752 2696 852 2762 facile
883 2696 1025 2762 dixeris.
1069 2695 1221 2762 Primum
1244 2711 1350 2762 tamen

146 2783 233 2852 illud
256 2793 384 2846 certum
403 2792 468 2860 cst,
498 2800 569 2843 non
599 2803 645 2845 ex
669 2781 832 2862 Romano,
859 2778 921 2847 sed
955 2803 1001 2847 ex
1030 2778 1162 2850 Graeco
1189 2781 1350 2880 scriptore

147 2871 301 2938 desumto
325 2889 361 2928 ea
384 2873 580 2945 essepnum
603 2888 688 2932 vero
711 2868 823 2932 omnia
845 2890 891 2932 ex
911 2869 1049 2948 eodem,
1084 2891 1127 2932 an
1157 2875 1202 2931 esi
1236 2867 1359 2934 dmm-1

41 3033 44 3042 λ
111 3011 112 3026 ,
149 2957 197 3022 sis
220 2949 445 3048 scriptoribus
466 2950 569 3035 petita
592 2949 669 3032 sint,
691 2951 862 3022 difficillor
892 2967 945 3018 est
967 2952 1130 3040 quaestio.
1174 2951 1349 3019 Romano-

148 3063 224 3108 rum
245 3035 394 3120 origines
425 3035 483 3125 qui
512 3033 620 3120 primi·
637 3035 847 3104 Graecorum
878 3039 1120 3124 exposuerint,
1159 3052 1294 3104 constat
1313 3061 1350 3104 ex

146 3121 319 3212 Dionysio
350 3119 610 3210 Halicarnasseo
648 3137 682 3187 et
717 3122 900 3190 Plutarcho
929 3124 964 3188 in
993 3123 1153 3190 Romulo.
1203 3121 1352 3190 Fuerunt

147 3203 293 3294 verohi
319 3197 494 3286 lamneus,
517 3205 574 3293 qui
598 3205 727 3295 primus
751 3207 901 3274 omnium
928 3208 963 3272 in
981 3209 1120 3274 Siculis⁴
1137 3208 1226 3290 suis,
1269 3233 1351 3299 quae

73 3354 79 3364 ,
147 3296 268 3364 Italiae
296 3311 432 3377 quoqne
460 3313 514 3354 res
543 3291 751 3356 continuisse
781 3317 881 3380 supra
910 3293 1076 3377 vidimus,
1112 3294 1287 3382 copiosius
1316 3299 1358 3360 de

146 3381 189 3449 iis
212 3381 343 3444 Iocutus
367 3387 439 3438 crat
453 3376 554 3460 ***);
580 3399 659 3442 nam
682 3377 928 3468 Theopompus
951 3381 1060 3446 solum
1080 3393 1210 3444 tantum
1234 3405 1358 3446 nomeu

146 3464 242 3534 urbis
264 3477 589 3548 commemoraverat
603 3463 712 3544 aare),
763 3465 903 3530 Praeter
925 3487 1001 3529 eum
1023 3461 1181 3531 laudatur
1204 3468 1356 3530 Promo-

147 3553 253 3619 tln'ou
289 3545 444 3633 quidam,¹
481 3546 583 3614 homo
619 3549 824 3639 ceteroquin·
850 3549 986 3638 ignotus
1015 3553 1087 3631 †),
1121 3543 1167 3616 'et
1206 3551 1355 3616 Diocles

147 3662 194 3707 ex
214 3631 404 3724 Peparetho
424 3630 534 3700 insula
555 3646 668 3722 ortus,
698 3641 792 3704 cuius
817 3647 911 3704 tanta
932 3637 1023 3727 apud
1042 3635 1212 3705 Romanos
1235 3653 1355 3704 aucto*-

189 3881 217 3954 *)
246 3870 347 3934 Strub.
369 3871 432 3932 XI.
452 3895 525 3954 pag.
548 3874 625 3936 516:

156 3977 158 3984 ¹
188 3975 232 4058 r)
256 3974 358 4038 Susa.
385 3975 448 4036 ru.
464 3959 536 4058 pag.
553 3981 634 4044 aso.
928 4045 934 4056 ,

189 4081 242 4158 m)
265 4077 496 4158 Dionpssflal.
525 4080 552 4163 I.
571 4104 644 4164 pag.
668 4085 720 4142 60.
799 4075 800 4084 “
832 4071 833 4080 ἵ

190 4185 258 4270 aaa)
281 4183 320 4254 V
316 4177 358 4246 id.
381 4209 472 4269 supra
489 4209 561 4268 pag.
584 4181 782 4246 LXXXIII·
849 4245 858 4265 ,

189 4285 630 4374 †)rz2a.0p.1.pag.,1s.
714 4349 716 4354 s
950 4267 953 4274 ’
