2708 4858
190 285 332 370 '202
428 345 437 369 .
644 313 944 390 loeutus

164 497 167 518 ¹
263 500 333 545 nou
352 477 518 560 hominis,
545 477 606 544 sed
639 472 811 566 accipitris
831 477 898 544 ritu
918 476 955 544 in
976 475 1092 544 alienis
1113 476 1279 565 eripiendis
1294 481 1328 544 ri

236 589 334 650 stam
356 595 549 648 sectaretur.
592 580 725 646 Interea
753 580 965 648 Ptolemaeus
985 580 1169 668 Euergetes
1200 605 1264 646 cum
1280 583 1327 648 An-

263 685 414 752 tiochum
435 685 470 750 in
498 684 663 750 auxilium
693 683 835 774 Seleuco
855 685 975 754 venire
996 685 1225 770 cognovisset,
1235 709 1269 749 ne
1286 709 1328 752 cun

264 789 395 856 duobus
416 807 486 855 uno
506 799 660 878 tempore
688 787 874 866 dimicaret,
896 789 931 856 iu
954 807 1058 854 anuos
1082 788 1197 854 decem
1217 810 1277 852 cum
1293 769 1328 855 Sl·

99 940 106 954 .
215 895 365 959 toleuoo
386 915 503 981 pacem
524 891 621 958 facit:
658 891 717 957 sed
739 915 811 981 pax
833 893 875 958 ab
901 892 998 957 hoste
1020 893 1115 968 data,
1148 892 1328 978 interpellatur

264 997 424 1075 asratr03
460 995 519 1084 qui
551 995 723 1062 conducto
759 993 935 1063 Gallorum
972 995 1182 1062 mercenario
1217 995 1325 1074 exercitu,

261 1101 327 1190 pro
345 1099 485 1165 'auxilio
507 1099 649 1179 bellum,
681 1121 744 1186 pro
771 1100 878 1168 fratre
906 1102 1056 1180 hostem,
1085 1099 1271 1188 imploratus
1292 1121 1327 1161 er·

212 1203 384 1270 tlhibuit.
426 1204 465 1269 ln
495 1224 537 1268 eo
573 1203 703 1289 praelio
732 1202 858 1273 virtute
887 1201 1071 1270 Gallorum·
1099 1205 1212 1270 victor
1241 1201 1325 1289 quiden

262 1307 455 1374 Antiochus
476 1304 559 1370 fuit:
582 1307 640 1370 sed
664 1306 752 1373 Galli
777 1306 976 1373 arbitrantes
998 1307 1176 1373 Seleucum
1195 1303 1226 1369 in
1245 1305 1326 1391 praelis

263 1409 442 1490 cecidisse,
467 1410 502 1474 in
531 1409 642 1498 ipsum
670 1410 882 1478 Antiochum
916 1435 1007 1477 arma
1045 1407 1325 1489 vertere's‘liberin

262 1512 501 1609 depopulaturi
529 1513 667 1594 Asiam,
697 1514 724 1580 si
755 1535 889 1580 omnem
921 1515 1060 1604 stirpem
1087 1509 1214 1599 regiam
1241 1511 1326 1576 exstin-

213 1625 252 1682 12
263 1615 406 1684 xissent.
437 1612 537 1698 Quod
558 1617 619 1681 ubi
640 1617 746 1682 sensit
762 1617 963 1700 Antiochus,
985 1620 1079 1684 velut
1102 1641 1120 1682 a
1145 1615 1325 1714 praedonibus,

248 1713 345 1791 vauro
367 1742 403 1785 se
418 1719 564 1801 redimis,
580 1718 841 1808 societatemque
857 1743 933 1787 curn
947 1721 1165 1786 mercenariis
1179 1720 1239 1786 suis
1251 1717 1325 1804 iungit

230 1833 247 1887 1
341 1821 443 1900 ,Gen
472 1847 525 1886 111.
567 1822 795 1888 Intereavrex
827 1822 1009 1914 Bithyniae
1035 1819 1325 1910 Eumenes‚·spnsis

232 1917 514 2016 'consumtisque
540 1923 703 1992 fratribus
730 1928 822 1993 hello
855 1927 1035 2014 intestinae
1057 1925 1254 2005 discordiae,
1270 1921 1324 2012 quasi

218 2107 221 2116 ἱ
261 2045 438 2098 vacentem
474 2028 582 2095 Asiae
610 2029 857 2118 possessionem
885 2031 1081 2110 invasurus,
1111 2030 1261 2097 victorem
1279 2029 1324 2091 An-

131 2215 133 2218 ,
229 2133 422 2214 2tiochum,
439 2132 622 2220 Gallosque
641 2133 850 2221 adgreditur.
892 2133 962 2200 Nec
979 2134 1116 2199 difficile
1131 2132 1248 2198 saucios
1261 2130 1325 2194 adhuc

262 2235 783 2325 ex'superiorescongressione,
803 2237 938 2326 integer
962 2237 1034 2326 ipse
1067 2237 1211 2308 viribus,
1230 2246 1323 2321 superet.

230 2337 312 2404 sEa
346 2361 491 2426 natuque
524 2353 724 2426 tempestate
759 2339 872 2406 omnia
906 2341 994 2406 belle
1032 2341 1068 2406 in
1104 2341 1241 2407 exitium
1262 2335 1322 2401 Asin

261 2443 484 2532 gerebantur':
525 2443 575 2506 uti
615 2442 757 2531 quisque
795 2441 924 2508 fortior·
958 2443 1093 2526 fuisset,
1134 2445 1243 2510 Asiam
1270 2442 1322 2504 velut

229 2546 420 2633 dpraedam
441 2547 636 2633 occupabat.
680 2545 840 2612 Seleucus
863 2563 896 2613 et
913 2547 1102 2612 Antiochus
1120 2547 1234 2612 fratres
1248 2545 1322 2610 bellun

261 2662 403 2735 propter
423 2647 541 2714 Asiam
565 2649 744 2737 gerebant:
779 2649 1005 2730 Ptolemaeus,
1028 2674 1091 2716 rex
1116 2649 1271 2740 Aegypti,
1289 2645 1322 2709 sub

229 2749 375 2838 §specie
404 2752 555 2818 sororiae
584 2753 722 2818 ultionis
750 2751 855 2818 Asiae
889 2750 1049 2834 inhiabat,
1094 2753 1185 2823 Hinc
1210 2753 1321 2838 Bithynus

249 2857 451 2956 2Eumenes,
489 2857 569 2922 inde
606 2855 713 2938 Galli,
752 2843 970 2923 humiliorum
1007 2881 1143 2948 semper
1177 2850 1323 2922 mercenaria

119 2984 151 3040 ᾖ
224 2955 227 2966 ’
259 2982 394 3042 manns,
433 2959 553 3025 Asiam
580 2959 889 3048 depopulabantur:
926 2983 999 3026 cum
1029 2962 1162 3028 interea
1189 2956 1322 3026 nemosls·

231 3061 379 3130 ofensor
413 3061 519 3128 Asiae
557 3063 648 3130 inter
680 3077 730 3130 tot
759 3049 946 3152 praedones
985 3065 1227 3132 inveniebatur.
1264 3061 1322 3124 Victo

260 3167 451 3248 Antiocho,
473 3190 546 3233 cum
571 3168 737 3235 Eumenes
759 3169 919 3235 maiorer'n
942 3183 1071 3256 partem
1089 3171 1193 3234 Asiae
1212 3185 1321 3250 occupas-

260 3284 328 3352 set,
359 3295 403 3338 ne
430 3285 511 3338 tunc
540 3273 675 3362 quidem
702 3273 840 3350 fratres,
869 3273 1004 3362 perdito
1034 3273 1214 3362 praemiss
1232 3281 1322 3360 proptu

261 3375 351 3462 quod
373 3377 498 3441 bellum
521 3377 691 3465 gerebant,
709 3377 914 3442 concordare
937 3391 1141 3464 potuerunt:
1158 3379 1224 3453 sed,
1244 3372 1320 3435 enisu

230 3489 407 3552 7‚externo
436 3481 548 3560 hoste,
579 3481 614 3544 in
645 3493 795 3544 mutuum
818 3479 958 3544 exitium
985 3481 1106 3545 bellum
1129 3491 1274 3566 reparant.
1301 3472 1320 3535 lt

128 3577 130 3584 ’
173 3591 174 3597 ’
255 3603 303 3668 eo
330 3581 519 3650 Antiochus
551 3583 663 3650 (leuno
693 3583 820 3665 victus,
849 3585 1030 3650 multorur'n
1056 3585 1186 3648 dierum
1215 3575 1320 3667 fugal-

116 3757 120 3768 κ
158 3688 171 3725 ·’
260 3673 401 3772 ligatus,
436 3687 571 3752 tandem
604 3687 648 3778 ad
675 3709 829 3756 socerum
870 3713 968 3754 suum
1002 3687 1216 3768 Ariamenen,
1249 3698 1321 3766 regem

193 3797 196 3807 ’
229 3788 511 3879 BCappatlociae,
538 3779 749 3880 provehitur.
791 3791 827 3857 A
854 3815 921 3878 quo
948 3815 1024 3858 cum
1056 3792 1199 3879 primum
1224 3783 1321 3864 benigne

261 3905 424 3982 exceptus
445 3907 550 3975 esset,
572 3893 757 3960 interiectis
778 3893 916 3988 diebus,
945 3895 1082 3983 cognito
1102 3893 1200 3984 ‘quod
1224 3882 1321 3954 insidiae

230 3995 336 4064 esini*
350 4001 559 4086 parererltur,
579 3999 721 4064 salutem
741 3998 822 4089 fuga
843 3997 1022 4088 quaesivit.
1063 3997 1171 4086 Igitur
1183 3989 1253 4062 'oum
1268 4005 1321 4077 prt

598 4147 670 4216 err.
692 4159 783 4218 secra
805 4175 929 4219 enarr.

305 4327 384 4410 Cat.
407 4351 460 4391 111.
481 4327 508 4410 ᾖ.
530 4335 561 4391 7.
581 4321 807 4392 ’“Αι·ἰωνιειιειπ.
835 4361 839 4368 v
952 4317 954 4323 ι
991 4340 994 4353 ’
