2786 4856
270 318 461 378 asaron.
482 325 582 398 ras.
605 314 744 378 xxxv.
773 324 871 380 csr.
896 307 942 386 2:
1082 289 1159 406 '235
1192 323 1195 328 ·
1303 303 1307 310 ’

27 477 125 557 eius,
167 503 214 548 ne
232 482 436 558 Ariarathes
457 477 712 558 metuiraterni
732 489 822 560 belli
835 489 1055 572 liberaretur,
1084 513 1152 582 pe·
1186 547 1188 560 .

26 581 158 667 percit:
194 585 305 676 ipsum
339 593 761 680 autemcomprehensum
796 592 946 664 vinctum
983 592 1155 660 Seleuciae

26 687 198 757 custodiri
220 689 355 763 iubers-
370 693 440 762 Nec
461 696 711 766 Antiochenses
734 695 864 765 indicio
885 695 1016 775 territi,
1038 719 1057 761 a
1087 695 1150 760 de-
1166 705 1209 774 5,

24 784 181 856 sectione
203 795 417 866 destiterunt.
441 799 577 888 ,Itaque
614 799 855 871 adiuvantibus
893 813 927 864 et
960 799 1183 868 Ptolemaeob

23 910 112 976 rege
128 894 300 989 Aegypti,
323 913 356 964 et
377 902 498 988 Attalo
539 924 620 991 rege
640 901 764 984 Asiae,
799 889 1040 971 els'Ariarathe
1061 903 1155 990 Cap-

23 993 213 1082 padcciae,
255 1002 386 1078 bellua
415 1005 591 1084 Demetrio
623 1005 788 1092 lacessiti,
823 988 1009 1092 subornant
1037 1005 1156 1077 Balatu

23 1095 228 1181 quemdam,
263 1105 368 1174 sortis
395 1101 579 1174 'extremae
613 1108 795 1187 iuvenem,
847 1108 906 1198 qui
935 1106 1058 1198 Syriae
1093 1128 1156 1174 re-
1238 1135 1240 1146 ’

22 1218 137 1282 gnum
162 1208 256 1272 velut
283 1223 462 1296 paternum
483 1213 586 1278 armis
606 1227 794 1303 repeteret:
817 1207 849 1278 et
868 1211 1008 1304 nequid
1031 1221 1186 1278 contu-7

22 1302 153 1367 meliae
175 1309 323 1394 deesset,
348 1335 471 1382 nomeu
494 1315 527 1382 ei
545 1317 755 1382 Alexandri
781 1315 928 1401 inditur,
956 1313 1156 1411 genitusque

23 1403 72 1466 ab
92 1405 265 1478 Antiocho
286 1439 369 1506 rege
391 1417 524 1486 dicitur.
570 1417 719 1488 Tantum
742 1417 858 1486 odium
875 1417 1042 1487 Demetrii
1065 1418 1186 1509 apud8

24 1525 150 1576 omues
174 1531 262 1600 erat,
295 1533 332 1586 ut
362 1523 494 1588 aemulo
525 1521 596 1586 eius
618 1541 698 1614 nrm⁸
722 1520 816 1590 vires
857 1519 972 1607 regiae
1012 1532 1155 1600 tantum,

25 1621 154 1682 verum
181 1615 282 1710 etiam
310 1623 443 1712 generis
473 1617 632 1690 nobilitas
660 1643 824 1720 consensu
856 1623 1005 1698 omnium
1026 1623 1165 1690 tribue-

24 1727 133 1782 retur.
176 1712 285 1812 lgitur
306 1713 510 1794 Alexander
543 1715 734 1794 admirabili
756 1749 869 1794 rerum
890 1725 1187 1813 varietatepri-t)

26 1817 194 1894 “inarum
224 1815 375 1899 sordium
404 1827 680 1910 oblitus,'totius
707 1827 816 1894 ferme
843 1821 994 1898 Orientis
1022 1829 1155 1899 viribus

27 1923 231 2009 succinctus,
246 1931 371 2000 bellum
386 1931 564 2002 Demetrio
585 1931 921 2020 iulert3victuutqne
935 1932 1006 2002 vita
1029 1933 1156 2020 pariter
1206 1948 1211 1955 “
1326 1926 1331 1940 ‘

29 2047 69 2090 ac
104 2052 212 2117 regno
238 2037 372 2122 spoliat.
418 2036 630 2124 Quamquam
657 2033 1091 2112 uecDemetrioanimus
1118 2039 1154 2103 in
1169 2049 1209 2106 10
1273 2079 1276 2085 ·

27 2136 264 2219 propulsando
293 2141 383 2209 bello
405 2139 523 2206 deluit.
566 2137 651 2204 Nam
673 2151 708 2201 et
737 2138 849 2230 primo
870 2138 1000 2226 praelio
1022 2133 1157 2208 hostem

28 2230 177 2322 fugavit,
197 2256 240 2322 et,
261 2243 399 2330 regibus
423 2243 549 2312 bellum
570 2240 844 2316 restituentibus,
866 2242 969 2308 multa
993 2243 1098 2314 millia
1119 2246 1156 2312 in

30 2338 105 2404 acie
135 2343 266 2410 cecidit.
308 2347 368 2416 Ad
401 2360 607 2435 postremum
630 2360 742 2422 tamen
764 2343 896 2416 invicto
929 2347 1206 2423 animuintern
1256 2384 1259 2406 ·

29 2443 299 2521 coul'ertissimos
321 2450 505 2520 fortissime
529 2448 692 2527 dimicans
714 2448 847 2518 cecidit
1069 2539 1072 2545 Ι

119 2549 212 2616 Car.
235 2577 272 2618 11.
298 2545 418 2618 'Initio
434 2553 514 2618 belli
529 2551 723 2620 Demetrius
745 2549 831 2619 duos
852 2549 941 2620 lilios
957 2553 1045 2640 apud
1064 2552 1185 2624 Gai-t

30 2654 127 2720 dium
155 2656 322 2745 hospitem
345 2679 440 2722 suum
463 2677 682 2741 cummagno
704 2653 778 2718 auri
799 2654 951 2745 pondere
981 2677 1157 2726 commen-

31 2761 185 2840 daverat,
208 2773 244 2825 ut
265 2760 347 2825 belli
369 2758 529 2848 periculis
551 2757 794 2838 eximerentur,
808 2771 861 2835 et,
884 2757 913 2822 si
935 2757 983 2827 ita
1003 2761 1076 2825 iore
1096 2775 1158 2827 tu·-

31 2863 141 2943 lisset,
163 2875 322 2951 pateruae
340 2863 458 2930 ultioni
475 2875 702 2932 servarentur.
745 2859 801 2930 Ex
824 2857 876 2924 his
898 2862 1008 2926 maior
1028 2863 1189 2932 Deme-2

31 2968 132 3048 trius,
147 2990 251 3034 anuos
268 2966 454 3053 pubertatis
478 2987 642 3056 egressus,
659 2963 775 3030 audita
792 2965 986 3034 Alexandri
1007 2967 1155 3053 luxuria,

33 3092 136 3160 quem
160 3071 350 3162 insperatae
378 3091 484 3158 opes,
515 3069 554 3140 'et
583 3067 713 3138 alienae
741 3067 913 3136 felicitatis
949 3069 1156 3158 ornamenta,

32 3173 131 3244 velut
160 3189 311 3262 captum,
355 3171 444 3240 inter
465 3187 654 3244 scortorum
684 3183 804 3268 greges
834 3171 984 3238 desidem
1006 3173 1040 3237 in
1063 3177 1157 3262 regia

33 3279 216 3358 tenebant,
235 3275 475 3346 auxiliantibus
492 3269 728 3356 Cretensibus,
748 3295 901 3344 securum
923 3295 962 3344 sn
984 3277 1068 3347 nihil
1090 3282 1159 3350 ho*

35 3383 114 3450 stile
128 3392 328 3449 metuentem
345 3379 549 3464 adgreditur.
579 3379 828 3446 Antiochenses
845 3401 990 3473 quoque,
1005 3395 1190 3474 veteremi
1231 3375 1245 3476 ,¹
1283 3397 1289 3410 ⁸

35 3485 145 3582 patris
167 3481 330 3554 offensam
352 3483 452 3551 novis
474 3481 602 3553 meritis
637 3481 840 3564 correcturi,
881 3505 916 3546 se
946 3483 977 3554 ei
1004 3475 1171 3555 tradunt?

36 3590 98 3656 sed
114 3602 147 3656 et
162 3586 285 3652 milites
300 3584 432 3674 paterni
449 3583 569 3656 lavore
589 3584 725 3652 iuvenis
741 3585 886 3666 accensi,
899 3587 1025 3674 prioris
1042 3611 1161 3662 sacra-
1202 3617 1204 3622 ·
1282 3579 1292 3599 ”

36 3691 145 3766 menti
166 3689 367 3776 religionem
388 3689 471 3755 novi
487 3687 577 3776 regis
596 3689 774 3778 superbiae
793 3689 1044 3778 praeferentes,
1060 3693 1162 3780 ,sigtta

38 3796 82 3865 ad
100 3793 307 3862 Demetrium
320 3791 545 3865 transierunt:
567 3805 665 3882 atque
680 3793 728 3858 ita
740 3793 943 3866 Alexander
956 3817 1024 3862 uon
1037 3795 1193 3865 minerii

37 3902 168 3988 impetu
190 3896 345 3967 furtunae
368 3896 575 3978 destructus,
609 3917 711 3984 quam
731 3898 854 3980 elatus,
890 3898 1002 3987 primo
1031 3897 1162 3994 praelio
1250 3949 1255 3964 .

40 4004 150 4070 vietus
184 3999 404 4090 interficitura
442 3997 603 4085 deditque
639 4021 764 4084 poenas
787 4013 821 4066 et
850 4000 1038 4082 Demetrio,
1060 4017 1162 4091 quatu
1207 4012 1212 4028 ’

44 4105 231 4186 occiderat,
258 4119 294 4170 et
320 4102 511 4187 Antiocho,
532 4101 628 4174 cuius
648 4104 808 4176 mentitus
836 4103 1003 4206 originem
1022 4105 1164 4182 tuerat„

468 4377 746 4394 ama·
