2786 4856
229 298 439 368 taisson,
465 289 743 377 ninsxxxnt.
766 298 874 372 ⁴cure.
895 255 937 356 ,n
967 257 982 352 ἰ
1072 271 1151 352 257

26 453 202 546 Cleopatra
231 481 330 534 socru
359 460 505 548 pretium
534 462 655 533 auxilii
682 463 844 531 adversus
873 459 1015 528 fratrem
1044 479 1142 530 sunm

25 562 212 676 pollicenq.
257 564 323 630 Sed
347 567 427 632 ilum
448 565 555 630 aliena
575 567 733 645 adfectat,
749 581 785 632 ut
801 568 932 632 adsolet
952 565 1037 647 fieri,
1054 563 1198 653 pro-'13

23 685 97 752 prta
119 689 179 752 per
194 665 423 734 delectionem
445 669 570 758 Syriae
589 671 716 737 amisit:
738 671 906 760 siquidem
921 669 1142 736 Antiochen*

24 788 75 831 ses
96 767 214 854 primi,
239 770 323 835 duce
346 771 553 862 Pryphone‚
577 791 793 841 exsecrantes
820 772 1014 862 snperbiam
1040 773 1142 860 regis,

22 893 108 956 qnae
131 874 388 950 conversatione
408 877 586 942 Parthicae
610 877 816 944 crudelitatis
838 875 1063 942 intolerabilis
1083 875 1142 942 sa-

21 987 76 1036 cta
98 987 186 1056 erat,
220 988 315 1042 *mox*
334 980 520 1067 Apameni,
553 995 751 1071 ceteraeque
773 981 928 1049 civitates
948 980 1143 1066 exemplum

18 1091 172 1158 secutae,
190 1101 252 1164 per
274 1077 510 1188 absentiam'
481 1099 552 1151 etus
575 1109 594 1150 a
615 1083 807 1150 Demetrio
814 1075 980 1150 defecere.
1022 1081 1138 1148 Ptole·
1154 1087 1175 1146 4

18 1201 138 1243 maeus
160 1203 294 1296 quoque
316 1208 381 1250 rex
402 1187 569 1276 Aegypti,
589 1188 681 1254 bello
703 1188 745 1253 ab
768 1187 886 1254 eodem
909 1185 1045 1274 petitus,
1067 1208 1144 1252 cum
1208 1203 1212 1218 ·
1309 1205 1310 1212 ’

15 1268 85 1344 'ornr
62 1283 255 1368 novisset,
286 1285 502 1382 Cleopatram
524 1311 676 1358 sororem
698 1313 809 1370 snam,
838 1288 965 1378 opibus
986 1287 1145 1378 Aegypti

15 1384 204 1450 navibus
193 1391 412 1476 impositis,
425 1394 468 1460 ad
496 1364 600 1460 filiam
626 1408 659 1459 et
673 1393 898 1460 Demetrium
924 1415 1115 1480 generum
1107 1392 1145 1459 in

16 1485 158 1575 Syriam
193 1491 445 1580 profugisse,
434 1497 586 1562 immittit
615 1497 774 1564 invenem
801 1493 981 1582 quemdam
1013 1495 1143 1583 Aegy-

18 1591 151 1706 ptium,
174 1593 352 1662 Protarchi
384 1598 609 1685 negotiatoris
630 1600 753 1678 filium,
776 1597 837 1716 qui
855 1621 998 1686 regnum
1021 1595 1145 1686 Syriae

20 1693 123 1758 armis
150 1708 301 1782 peteret,
330 1700 517 1788 composita
545 1701 678 1782 fabula,
707 1702 804 1789 quasi
831 1724 895 1790 per
924 1701 1174 1790 adoptionemd

19 1796 186 1864 Antiochi
205 1799 297 1887 regis
311 1816 467 1895 receptus
482 1803 519 1868 in
541 1803 706 1888 familiam
725 1804 855 1890 regiam
871 1817 969 1886 esset,
990 1827 1054 1888 nec
1070 1797 1205 1892 Sy·-

18 1899 77 1964 riis
92 1903 279 1987 quemlibet
293 1927 410 1993 regem
431 1907 722 1994 adspernantibus,
740 1929 784 1972 ne
798 1906 964 1972 Demetrii
979 1921 1145 1994 pateren-

17 2017 71 2068 tur
91 2005 310 2094 superbiam:
337 2029 460 2074 nomen
482 2009 602 2075 iuveni
623 2009 836 2076 Alexandri
857 2007 1057 2098 imponitur,
1079 1997 1147 2074 au·-

15 2107 176 2196 xiliaqne¹
202 2111 243 2208 ah
264 2111 430 2199 Aegypto
447 2112 818 2200 ingentiamittuntur.
861 2113 997 2186 Interea
1018 2117 1175 2202 corpusd
1203 2141 1226 2168 τ

16 2213 189 2280 Antiochi
209 2205 381 2280 interfecti
402 2236 421 2278 a
442 2238 523 2302 rege
544 2216 745 2282 Parthorum
772 2217 810 2282 in
838 2219 951 2284 loculo
980 2231 1146 2306 argenteo
1226 2275 1236 2292 ,

20 2317 61 2382 ad
91 2319 304 2404 sepulturam
336 2319 373 2384 in
410 2317 561 2406 Syriam,
582 2321 760 2386 remissurn
794 2319 1008 2407 supervenit:
1052 2321 1146 2406 quod

18 2417 94 2484 cum
115 2420 250 2508 ingenti
272 2421 403 2487 studio
407 2421 599 2488 civitatium
619 2438 654 2488 et
672 2439 764 2508 regis
785 2421 982 2488 Alexandri
1009 2421 1052 2486 ad
1078 2421 1155 2493 fir-
1253 2451 1261 2491 t
1308 2471 1310 2476 ,

19 2523 180 2588 mandam
202 2523 338 2590 fabulae
358 2523 459 2590 fidem
483 2525 665 2612 excipitur
711 2523 806 2607 (luae
830 2547 884 2590 res
911 2524 963 2590 illi
985 2545 1147 2611 magnum

17 2625 180 2692 favorem
208 2627 426 2717 popularium
457 2629 667 2710 conciliavit,
702 2611 858 2692 omnibus
887 2648 957 2692 nou
984 2625 1121 2691 fictas
1109 2633 1181 2692 ιιι
1261 2703 1264 2712 ,

19 2753 76 2813 ec,
116 2727 181 2796 sed
208 2753 308 2796 veras
337 2730 494 2798 lacrimas
523 2730 810 2798 existimantibus.
853 2728 1048 2794 Demetrius
1077 2749 1144 2794 au·
1157 2734 1176 2796 t
1277 2791 1281 2799 ,

18 2849 87 2900 tem
107 2833 225 2900 victus
256 2835 299 2900 ab
320 2834 541 2918 Alexandro,
577 2857 652 2900 cnm
670 2833 824 2922 undique
854 2831 1149 2914 circumqtantibus

18 2941 119 3004 malis
152 2952 380 3024 premeretur,
414 2937 457 3003 ad
479 2949 693 3024 postremum
727 2936 828 3002 etiam
849 2937 892 3002 ab
914 2955 1025 3000 uxore
1045 2934 1151 3000 filiis-

17 3065 84 3129 que
109 3041 293 3108 deseritur.
336 3040 488 3108 Relictus
517 3039 621 3128 igitur
650 3063 726 3106 cum
754 3039 870 3128 paucis
899 3037 1044 3105 servulis
1073 3039 1181 3106 cumo

18 3145 182 3236 Tyrum,
206 3144 373 3233 religione
408 3145 528 3233 templi
555 3167 591 3222 se
621 3143 838 3225 defensurus,
870 3141 1030 3231 petisset,
1052 3141 1151 3209 ,navi

16 3251 215 3338 egrediens,
231 3248 396 3337 praefecti
414 3243 509 3314 iussu
529 3246 743 3314 interficitur.
786 3249 889 3314 Alter
911 3267 957 3312 ex
976 3244 1057 3318 filiis
1079 3245 1180 3314 seo
1288 3245 1290 3250 ’

15 3357 160 3436 leucus,
181 3353 342 3441 qnoniam
367 3351 441 3424 siue,
469 3351 586 3417 matris
609 3351 808 3417 anctoritate
830 3349 986 3416 diadema
1007 3347 1153 3437 sumsis7-

17 3473 78 3539 set,
104 3460 156 3523 ab
178 3459 295 3522 eadem
316 3455 534 3538 interficitur3
556 3457 658 3536 alter,
681 3455 737 3520 cui
758 3467 899 3542 propter
919 3451 993 3521 nasi
1014 3452 1154 3540 magni-¹

15 3563 193 3628 tudinem
209 3582 395 3648 cognomen
428 3561 568 3647 Grypus
595 3556 678 3640 fnit,
721 3581 787 3624 rex
818 3570 967 3623 amatre
989 3550 1181 3623 hactenus

16 3663 255 3756 constituitur,
274 3677 309 3728 nt
329 3684 451 3728 nomeu
473 3662 563 3748 regis
581 3684 686 3750 penes
707 3659 875 3746 filium,
839 3685 898 3730 urs
916 3675 1029 3776 autem
1043 3657 1156 3751 omoit

15 3769 164 3861 imperii
184 3790 289 3858 penes
308 3781 450 3834 matrem
473 3777 572 3832 esset.

1066 3869 1072 3896 ι’
1153 3882 1168 3910 ι,

463 3956 535 4008 mr.
558 3954 650 4006 tuot·
672 3954 797 4007 entim

60 4189 156 4256 Cn.
179 4207 202 4255 t.
225 4191 251 4276 i.
273 4159 305 4256 3
346 4182 520 4276 Ᾰραιιιειιιίι
571 4221 572 4228 ¹

232 4294 258 4378 l.
279 4301 312 4366 9
351 4318 512 4380 cognomen
540 4292 667 4383 Grypo
681 4272 830 4408 sitit.
