2740 4854
211 336 271 386 ns
295 335 439 385 rucor
464 336 588 387 roua.
615 333 851 391 rourum
875 313 999 389 lucr.
1066 343 1085 383 ·.
1123 341 1212 386 nxtx

13 497 139 580 positis.
192 497 363 564 Habemus
385 498 523 590 quidem
545 497 783 590 gravissimum
801 499 982 592 Scythicae
1002 499 1211 589 antiquitatis

13 585 245 672 interpretem,
278 583 490 651 Herodotum
512 583 565 673 Ιἵ),
619 608 738 652 verum
767 609 853 675 quae
882 587 924 652 de
947 585 1083 675 Scythis
1105 585 1228 650 tradit·

13 669 170 748 lustinus,
195 694 241 735 ex
263 669 330 736 alio
352 669 489 738 omnino
512 671 678 759 scriptore
699 671 804 760 petita
825 693 913 754 esse,
934 695 989 738 res
1010 671 1083 758 ipsa
1102 672 1213 736 docet.

13 755 172 841 Equidem
202 757 288 822 haec
311 765 450 846 'qnoque
482 758 741 845 Theopompea
771 772 877 846 puto,
915 757 1009 824 cuius
1038 756 1213 843 ingenium

14 840 114 906 curnis
136 843 221 908 haec
242 842 390 910 narratio
412 842 567 909 redolere
583 841 745 922 ¹videtum
781 855 853 910 tum
875 841 1007 908 erudita
1029 840 1213 929 disputatio

13 949 75 1012 cap.
95 925 151 1008 IL,
174 951 278 1015 quare
292 927 439 1018 Scythae
454 925 639 1018 Aegyptiis
662 925 860 1015 antiquitate
879 943 1051 1017 praestare
1071 925 1215 1016 putandi

14 1011 90 1102 sintq
125 1027 200 1077 tum
220 1011 411 1078 fabularum
431 1011 521 1080 inter
541 1035 640 1079 veras
663 1012 822 1079 historias
843 1011 1011 1102 recepti03
1046 1026 1118 1078 tum
1139 1011 1214 1098 ipse

14 1099 49 1160 ab
69 1097 250 1164 Herodoto
271 1099 460 1177 dissensus,
483 1122 557 1164 cum
579 1097 722 1164 meliora
744 1121 782 1164 ac
804 1098 950 1164 certiora
971 1121 1008 1163 se
1028 1099 1063 1164 in
1084 1096 1214 1186 mythis
1251 1105 1253 1114 ’

14 1183 209 1248 traditurum
231 1205 319 1264 esse,
363 1181 537 1272 professus
559 1197 649 1249 esset
671 1183 916 1270 Theopompus
937 1183 1004 1266 W).
1055 1181 1213 1250 Ceterum

15 1270 159 1353 quamvis
191 1269 392 1358 Scytharum
419 1291 475 1335 res
499 1293 518 1334 a
541 1269 655 1334 multis
686 1266 895 1336 Graecorum
923 1267 1147 1359 scriptoribus
1176 1281 1214 1333 ac

13 1353 102 1418 vario
136 1356 242 1420 modo
276 1367 386 1420 esseut
415 1353 610 1444 expositae,
646 1353 730 1419 illud
756 1368 870 1424 tamen
902 1355 1123 1424 memorabile
1152 1366 1213 1430 est,

14 1441 93 1528 apud
114 1462 234 1507 omnes
254 1463 353 1506 veras
375 1463 413 1506 ac
435 1439 782 1544 genuinas'terrarum
796 1437 1110 1526 septentrionalium
1125 1453 1227 1530 gen-⁶

14 1538 72 1606 tes,
103 1540 177 1592 tum
200 1525 306 1592 Asiae
328 1541 399 1591 tum
421 1519 596 1614 huropae,
633 1548 715 1613 quas
737 1538 873 1614 praeter
895 1525 1125 1606 Herodotum,
1155 1523 1215 1613 qui

15 1613 94 1676 solus
117 1635 234 1677 earnm
257 1611 352 1677 sedes
374 1613 561 1678 accuratius
582 1610 754 1690 definivit,
777 1612 840 1676 sub
854 1611 897 1679 So
924 1614 1056 1676 tharum
1077 1609 1214 1676 nomine

15 1699 298 1786 comprehendunt
320 1697 423 1762 ceteri
445 1720 519 1770 cum
542 1697 686 1774 Iustino,
709 1695 871 1786 reliquias
902 1697 1075 1762 abularum
1089 1718 1215 1786 super-

15 1807 95 1864 esse,
133 1784 225 1850 unde
255 1807 356 1872 qnam
384 1782 574 1871 frequentia
604 1805 642 1848 ac
664 1782 823 1848 diuturna
850 1783 1050 1854 commercia
1073 1779 1214 1848 Graecis

15 1891 192 1958 eorumque
224 1869 373 1934 maxime
400 1868 442 1933 ad
472 1868 616 1936 Pontum
645 1867 789 1934 coloniis
818 1891 894 1938 curn
923 1867 975 1933 bis
997 1865 1133 1957 populis
1155 1866 1214 1931 iu-

14 1956 240 2034 tercesserint‚
261 1968 352 2020 recte
372 1955 562 2019 concludas.
604 1956 641 2020 A
655 1955 823 2042 Scythicis
838 1975 923 2020 vero
940 1954 982 2018 ad
998 1956 1215 2021 Amazonum

14 2039 138 2106 fabulas
161 2039 308 2106 deflectit
329 2039 477 2104 lustinus
494 2039 595 2126 l“ll'),
619 2039 744 2127 quipp'e
765 2063 857 2128 quas*
870 2039 1050 2130 Scythicae
1072 2037 1215 2123 originis

16 2144 130 2215 panau
164 2149 345 2214 earumque
366 2130 480 2191 o'rtum
502 2138 536 2189 et
556 2147 612 2192 res
633 2140 744 2214 gestas
766 2147 872 2212 usque
893 2125 937 2190 ad
959 2122 1215 2212 expeditionem

18 2230 125 2279 contra
146 2211 375 2277 Athenienses
396 2225 463 2275 tam
486 2210 624 2300 copiose
647 2225 680 2276 et
701 2225 856 2275 accurate
878 2211 1039 2299 exponit,
1079 2221 1117 2273 ut
1139 2221 1215 2272 tra-

18 2300 75 2363 dita
105 2299 178 2364 eins
206 2297 297 2361 inter
326 2299 419 2362 locos
438 2295 670 2362 ¹classicosde
692 2295 926 2362 Amazonibus
950 2294 1109 2385 ponenda
1135 2292 1213 2359 sint.
1230 2321 1253 2362 ·.

19 2383 108 2467 Quod
132 2384 174 2450 ad
196 2381 338 2447 fundum
359 2382 565 2448 narrationis
588 2381 725 2462 attinet,
761 2381 875 2447 statim
895 2382 930 2447 in
956 2382 1107 2448 omnium
1129 2401 1214 2447 ocu-

19 2474 61 2536 los
81 2471 243 2541 incurret,
269 2467 354 2532 nihil
377 2466 468 2531 aliud
490 2469 629 2540 subesse
648 2491 747 2555 quam
767 2470 944 2554 poetarum
965 2468 1133 2566 figmenta,
1157 2465 1217 2555 qui

19 2557 49 2639 in
69 2553 264 2624 enarrandis
287 2569 321 2620 et
342 2553 550 2619 exornandis
570 2553 663 2620 hisce
682 2553 806 2618 fabulis
826 2552 913 2618 mire
933 2553 998 2618 sibi
1020 2554 1216 2640 placebant;

20 2665 210 2730 omnemque
231 2642 318 2706 hunc
339 2641 452 2705 locum
474 2639 632 2704 carminis
654 2634 799 2719 heroici,
831 2637 958 2726 inquo
981 2637 1110 2704 Thesei
1128 2658 1216 2724 pro-

20 2729 83 2816 prie
105 2751 159 2794 res
182 2739 296 2814 gestae
318 2717 587 2806 celebrarentur,
610 2747 683 2790 esse
704 2723 890 2812 epitomen,
914 2723 1097 2788 admodum
1116 2721 1215 2808 veri-¹
1274 2723 1275 2730 '

21 2815 118 2879 simile
137 2825 198 2878 est.
243 2811 399 2878 Ceterum
421 2808 477 2875 bic
523 2833 634 2900 uoque
654 2807 809 2898 Trogum
830 2808 1027 2897 Pompeium
1049 2829 1116 2872 non
1137 2806 1217 2896 pri-

20 2925 99 2964 mum
120 2903 222 2966 hasce
243 2897 376 2963 fabulas
396 2835 666 2962 interbistorias
686 2894 871 2981 recepisse,
909 2896 968 2962 sed
990 2892 1215 2987 antiquiorem

21 2986 224 3066 historicum,
261 2981 335 3048 sive
362 2981 609 3072 Theopompus
630 2979 734 3046 fuerit
759 2978 832 3046 sive
853 2980 954 3061 alius,
998 2993 1216 3066 praeeuntem

21 3073 77 3137 sibi
99 3072 273 3146 habuisse,
294 3071 352 3135 vel
373 3069 455 3136 inde
477 3081 586 3155 patet,
607 3067 698 3158 quod
721 3065 936 3131 Amazonum
958 3064 1134 3135 historiam
1155 3087 1214 3131 us-

21 3182 78 3256 que
97 3155 377 3308 adobialimin’
405 3177 492 3246 quae
514 3141 711 3222 Alexandri
731 3151 778 3218 M.
800 3155 977 3242 amplexus
999 3150 1137 3241 petiisse
1159 3151 1215 3216 di-

22 3259 115 3322 citur,
161 3253 293 3307 euxtt.
859 3249 863 3270 ⁸

97 3329 240 3418 Reliqua
262 3325 343 3394 libri
363 3325 444 3392 inde
466 3349 486 3392 a
507 3347 581 3412 cap.
598 3321 660 3390 Vt.
682 3327 823 3411 explent
844 3286 1055 3389 narrationes
1077 3321 1120 3388 de
1139 3322 1217 3410 pri·
1241 3375 1243 3384 ,

23 3416 79 3481 scis
109 3411 371 3482 Atheniensium
399 3412 502 3478 rebus
530 3409 652 3560 qestis,
697 3421 735 3475 a'c
764 3410 854 3476 bello
882 3409 894 3473 i
922 3408 966 3472 sis
996 3431 1015 3472 a
1047 3406 1154 3478 Dario
1184 3420 1217 3472 et

22 3499 131 3567 Xerxe
152 3501 267 3578 illat03
290 3497 403 3564 omisit
424 3497 513 3562 enim
553 3494 690 3576 ustinus,
711 3519 797 3584 quae
819 3495 863 3560 de
877 3495 1121 3560 Thessalorum
1142 3493 1217 3558 ori-

24 3587 156 3674 ginibus,
176 3599 214 3653 nt
236 3609 282 3649 ex
304 3585 448 3672 protono
469 3581 550 3648 libri
571 3596 713 3663 constat,
737 3593 943 3670 exposuerat
960 3579 1107 3666 Trogus,
1130 3581 1218 3666 quae
1281 3643 1284 3652 ,

26 3687 53 3736 et
76 3673 146 3759 ipsa
175 3672 293 3736 'rocul
325 3637 441 3736 dubiis
453 3691 500 3733 ex
521 3667 774 3758 Theopompo,
797 3689 897 3756 quem
919 3667 962 3731 de
985 3665 1160 3730 Thessalis
1182 3663 1219 3728 iu
1244 3681 1247 3692 ·

24 3759 126 3829 multis
149 3697 417 3845 ldidippicorum
438 3775 577 3832 suorum
596 3754 680 3822 locis
702 3766 857 3832 secutum
874 3775 948 3820 esse
969 3774 1017 3821 ex
1037 3749 1122 3837 ipsis
1141 3748 1218 3816 ira·-
1248 3782 1255 3801 ι

27 3921 223 3939 ,ψ

61 3994 89 4082 *)
111 3996 258 4059 Herodot.
280 3993 335 4061 lib.
348 3991 416 4058 IV·
448 3995 450 4002 ¹
1131 4075 1133 4083 Ι

61 4099 104 4188 **)
127 4101 224 4165 Strob.
241 4125 314 4186 pag.
328 4103 380 4164 st.
421 4094 601 4181 θεόπομπος
618 4098 839 4184 ἐξομολογεῗται
853 4095 953 4180 φήσας
971 4095 1020 4161 ὅτι
1032 4095 1084 4162 eat
1098 4089 1219 4176 μύθους

103 4186 132 4252 iv
151 4189 217 4262 ταῖς
238 4186 390 4270 loreolam
411 4183 475 4269 ipsi
492 4187 627 4269 roricios
647 4186 668 4266 ἢ
689 4185 730 4261 cic
747 4183 917 4272 Ἡρόδοτος
940 4185 992 4250 aad
1012 4184 1151 4260 Kanelate
1169 4184 1219 4244 xa?
1266 4203 1271 4210 ·

103 4271 272 4350 Ἑλλάνικος
294 4280 347 4340 aei
366 4275 397 4366 oi
418 4268 458 4339 sci
476 4267 592 4340 ’tedred
614 4273 855 4360 συγγράψαντες.

66 4373 413 4466 Ἵωῶῴ
