2740 4854
281 322 331 369 DE
356 319 606 372 TROG1·1’0MP.
630 273 776 378 hONTT:
793 322 840 370 nt·
866 321 972 376 AUCT.
1115 327 1210 382 xcm

22 507 52 550 ce
70 482 110 548 ad
132 481 320 548 Posidonii
341 483 585 550 auctoritatem.
623 482 834 572 Scriptorem
860 485 951 552 huno
975 507 1041 576 pro
1070 491 1212 562 consilio

21 592 71 636 suo
89 569 132 634 de
162 569 300 636 Parthis
324 593 423 658 agene
449 569 623 650 debuisu,
651 571 752 635 tacite
774 572 960 638 concedent
983 595 1117 658 omnes,
1153 579 1212 667 qui

21 679 95 742 quae
116 677 223 742 supra
246 655 493 744 disputavimus
513 655 667 742 legerint.
708 655 794 720 Nam
815 681 870 723 res
894 657 1015 747 Syriae
1043 685 1085 726 ue
1108 685 1214 730 enar-
1243 704 1247 714 x
1292 689 1296 697 ¹

20 763 90 806 rare
103 739 245 828 quidem
266 755 398 828 poterat
415 740 481 806 nisi
502 740 658 807 Parthica
680 763 817 829 quoque
839 758 1043 831 exponeret,
1066 748 1111 818 ob
1133 773 1213 816 mu..

20 841 66 892 tua
85 827 211 892 horum
269 829 447 914 opulorum
476 828 589 892 bellas
630 825 797 893 Demetrii
826 849 961 928 quoque
989 831 1146 917 secundi,
1177 853 1213 905 et
1319 831 1322 850 '

18 911 173 978 Antiochi
195 851 339 994 Sidous,
359 911 596 1000 expeditiones
617 911 653 978 in
673 913 816 980 Parthos
841 913 969 982 infelici
988 931 1111 985 eventu
1133 943 1213 988 sus-
1279 915 1286 926 ’
1314 977 1319 992 .

19 1013 115 1086 ceptus
141 999 189 1062 ab
210 1019 254 1064 eo
281 997 466 1086 descriptas
488 997 609 1080 fuisse,
645 1018 748 1086 supra
770 999 929 1070 vidimus.
971 1001 1056 1070 Mox
1076 1004 1112 1072 in
1133 1007 1212 1073 bel-

19 1085 52 1150 lis
81 1084 327 1152 Mithridaticis
356 1085 464 1158 ,etiam
496 1085 697 1152 Parthorum
727 1087 856 1156 mentio
889 1110 990 1178 saepe
1026 1085 1213 1166 iniicienda

19 1185 86 1238 erat.
156 1167 308 1236 Omnino
344 1192 431 1236 vero
463 1193 538 1236 cum
572 1185 665 1238 tanta
700 1185 790 1238 esset
817 1173 1019 1240 Parthorum
1046 1199 1086 1242 es
1114 1193 1204 1244 aeta-

19 1273 45 1324 te
68 1255 163 1322 cuius
193 1255 369 1322 historiam
400 1253 770 1340 conscripsitnominis
798 1257 904 1340 fama,
939 1273 1069 1326 tantum
1096 1261 1213 1352 imps-
1295 1322 1298 1330 .

18 1343 107 1422 rium,
134 1341 218 1430 quis
240 1363 310 1406 non
329 1341 442 1422 videt,
471 1341 691 1410 Posidonium
713 1355 770 1410 res
790 1343 990 1410 Parthorum
1015 1363 1085 1412 non
1108 1352 1212 1418 modo

17 1429 191 1516 attingere,
226 1428 285 1492 sed
312 1427 450 1514 copiose
476 1428 518 1491 de
545 1427 586 1492 iis
616 1449 718 1514 agere
746 1423 929 1494 debuisse?
984 1429 1118 1498 Doceat
1145 1436 1213 1504 hoo

17 1515 102 1581 etiam
121 1515 314 1601 fragmenta
339 1515 380 1578 ab
401 1513 581 1579 Athenaeo
602 1536 649 1578 ex
670 1533 711 1578 eo
731 1529 876 1590 servata,
899 1537 945 1580 ex
967 1517 1090 1602 quihus
1107 1541 1212 1606 prae-

16 1614 58 1666 ter
82 1622 119 1664 ea
142 1623 233 1688 quae
253 1601 296 1665 de
318 1597 417 1664 bellis
439 1620 555 1664 eorum
578 1622 653 1665 cum
682 1598 780 1686 Syris
809 1599 912 1666 modo
935 1608 1210 1690 commemoravi,

18 1709 81 1750 eum
103 1707 220 1750 mores
249 1707 402 1784 quoque,
435 1687 528 1772 loges
557 1700 592 1751 et
616 1683 776 1778 instituta¹
802 1685 911 1772 gentis
939 1687 1030 1754 libro
1059 1690 1210 1761 maxime

16 1785 122 1860 quarto
148 1771 265 1859 operis
281 1789 338 1836 'sut
362 1769 579 1858 exposuisse,
606 1783 701 1857 patet
714 1771 762 1856 1).
820 1771 933 1854 Quare
960 1772 1213 1848 conluuione

15 1858 146 1922 eundem
164 1860 265 1922 ,hunc
296 1856 451 1924 ordinem
482 1867 660 1942 sequatur,
693 1869 732 1920 nt
761 1855 871 1942 primo
898 1859 1017 1944 populi
1036 1881 1149 1928 mores
1176 1877 1210 1930 et

13 1943 157 2010 instituta
179 1944 307 2024 tradat,
342 1965 381 2008 ac
402 1953 473 2028 tum
501 1940 636 2006 demum
658 1942 702 2005 ad
730 1941 905 2008 historiam
933 1965 1051 2010 eornm
1077 1963 1209 2036 pergat,

13 2024 123 2096 inhoc
154 2029 232 2118 ipso
260 2027 329 2094 iam
351 2047 512 2114 agnoscas
534 2025 710 2094 Posidonii
739 2027 930 2114 ingenium,
966 2053 1067 2116 quem
1088 2031 1124 2100 iu
1144 2037 1210 2104 hoc

13 2117 151 2180 maxime
174 2113 239 2180 sibi
260 2113 443 2202 placuisse,
475 2127 515 2178 ut
543 2111 586 2176 de
607 2113 680 2178 vita
707 2133 746 2178 ac
774 2114 865 2178 cultu
889 2111 1062 2180 nationum
1084 2136 1210 2202 ageret,
1300 2151 1303 2158 ·

15 2225 103 2287 supra
122 2201 193 2264 iam
216 2199 328 2265 docui.
370 2199 497 2266 Verum
518 2196 548 2264 si
568 2199 651 2264 haec
673 2196 787 2264 omnia
806 2199 957 2266 nondum
979 2200 1145 2271 sufficiant
1165 2207 1209 2274 ad
1237 2235 1243 2242 ·

10 2285 100 2350 'fidem
123 2285 319 2352 faciendam
348 2283 501 2372 opinioni
522 2296 675 2364 nostrae,
714 2283 780 2349 alia
801 2285 891 2352 ratio
912 2300 1085 2372 superest,
1122 2313 1210 2389 quan
1255 2311 1257 2320 ⁴

15 2395 134 2439 omnem
156 2393 297 2458 prorsus
318 2369 565 2436 dubitationem
587 2371 712 2435 tollatn
741 2363 906 2436 Memoria
927 2390 1071 2460 namque
1090 2373 1208 2444 imici-

14 2475 58 2524 tur
71 2457 164 2544 apud
184 2457 350 2522 Iustinum
362 2453 471 2537 XLtt,
493 2466 524 2520 2.
563 2453 698 2520 Himeri
719 2454 902 2537 cuiusdam,
923 2455 982 2545 qui
998 2461 1060 2533 suh
1076 2459 1209 2530 Phraa-

14 2549 131 2619 talax
160 2541 338 2609 Arsacidis
365 2541 468 2628 Vll.)
492 2563 567 2606 cum
598 2541 672 2628 regi
702 2539 738 2606 iu
768 2541 901 2608 deliciis
931 2566 968 2608 ac
995 2543 1209 2633 Babyloniae

12 2628 191 2718 praefectus
212 2631 318 2709 esset,'
340 2627 459 2694 urbem
472 2625 563 2698 hanc,
581 2625 730 2713 aliasque
752 2626 908 2698 civitates
930 2629 1106 2716 tyrannicis
1124 2655 1208 2700 cru..

13 2715 138 2781 delitate
159 2735 306 2778 vexasse
326 2712 461 2780 dicitur.
505 2709 662 2778 Secundo
683 2725 794 2780 autem
816 2713 963 2801 quodam
987 2735 1065 2778 casu
1079 2714 1208 2788 iactum

13 2816 68 2881 est,
88 2815 129 2866 ut
149 2799 290 2866 eandem
310 2799 398 2864 hauc
429 2797 471 2864 de
494 2795 634 2862 Himern
656 2796 942 2864 narratiunculam
964 2815 1010 2864 su
1039 2798 1114 2886 ipso
1136 2804 1208 2872 Po-

13 2886 154 2966 sidonio,
200 2885 293 2950 libro
332 2882 445 2970 operis
478 2881 626 2963 XXVI„
661 2881 886 2968 exscripserit
912 2883 1118 2952 ‘Athenaeus
1141 2893 1208 2977 ¹³).
1257 2891 1262 2903 ’

12 2971 96 3055 Quae
119 2993 193 3038 cnut
215 2970 264 3036 ita
285 2969 372 3045 siut,
399 2991 534 3056 exque
562 2967 657 3034 fonte
682 2960 820 3055 Trogus
842 2967 1000 3036 Parthica
1029 2993 1088 3034 sua
1119 2975 1207 3042 bau-

12 3057 101 3140 serit,
130 3077 253 3142 nempe
280 3077 326 3120 ex
354 3053 557 3142 gravissimo
579 3053 766 3142 scriptore,
792 3053 997 3137 Posidonio,
1026 3056 1207 3130 obscurum
1314 3065 1318 3074 '

11 3143 142 3232 amplius
165 3163 238 3208 esse
258 3135 388 3228 nequit.
910 3152 914 3163 '
980 3145 984 3169 ‘
1031 3163 1038 3170 ·

85 3226 187 3312 Quod
213 3225 257 3292 ad
286 3250 327 3292 ea
353 3225 473 3292 attinet
495 3247 582 3312 quae
612 3223 655 3290 de
686 3223 996 3314 reguossactriano
1018 3225 1122 3293 hahet
1144 3229 1208 3298 Iu-

11 3315 120 3396 stinus,
137 3337 187 3378 ex
208 3311 328 3378 eodem
350 3335 389 3376 en
410 3310 504 3378 sonte
526 3307 742 3400 profluxisse,
765 3311 827 3378 etsi
849 3323 942 3377 certo
964 3307 1122 3376 affirmari
1142 3339 1208 3380 ne-

4 3415 111 3487 queat,
130 3399 200 3471 tvix
220 3412 334 3464 tamen
352 3397 500 3462 dubitari
517 3407 639 3484 potest.
658 3460 662 3470 ,
679 3397 835 3484 Incidunt
850 3397 940 3460 enim
955 3395 1054 3484 regni
1069 3397 1208 3466 Bactri-

11 3487 57 3550 ani
74 3482 315 3551 conversiones
335 3505 406 3552 non
422 3482 524 3550 modo
541 3481 578 3548 in
593 3483 711 3553 eadem
726 3484 983 3573 haec-tempora
995 3502 1092 3574 ,queo
1103 3485 1209 3554 Posi-

11 3679 204 3724 -ιιι-ι-*ἱ

43 3803 68 3884 *)
98 3785 304 3885 Athen.·pug.
335 3805 422 3865 152»,
441 3800 488 3888 cf.
516 3827 592 3886 puae
620 3801 729 3863 Strabo
759 3819 801 3864 ear
827 3825 860 3863 eo
890 3800 927 3860 dc
954 3802 1072 3881 imperii
1093 3801 1210 3887 frarmc

87 3889 161 3968 opud
187 3911 235 3949 eos
263 3893 392 3949 servavit
408 3913 482 3970 pag.
505 3896 578 3952 515.
601 3911 720 3970 expuo
738 3903 952 3970 procerrupto
971 3887 1207 3970 populorum

87 3975 175 4036 ordo
202 3975 282 4058 apud
308 3975 453 4034 Iristioum
473 3974 566 4049 XLI,
598 3983 631 4054 2,
663 3982 692 4035 2.
712 3971 936 4036 verisimiieest
950 3969 1104 4052 legendum
1127 4001 1206 4043 esse:

87 4080 336 4142 cognatorum
371 4057 730 4144 [i’propt'nquoruni
762 4059 834 4142 ΡΑ]
864 4063 971 4131 ordo.
1026 4063 1207 4127 Corniicsmm
1297 4087 1299 4102 ·

85 4144 325 4229 popularium
361 4149 477 4224 ordo,
515 4145 674 4207 dummodo
707 4143 740 4206 id
765 4169 822 4228 pro
859 4150 1206 4232 cognctnrnmdici

86 4255 163 4312 posse
183 4235 366 4296 concederes·
1002 4259 1005 4268 ⁴

44 4330 87 4416 “)
104 4330 209 4400 Athen.
227 4363 300 4424 pag.
318 4341 393 4401 466.
