2702 4852
232 301 423 352 unsrun.
451 305 545 366 utu.
572 306 613 368 u,
640 265 740 370 che,
767 301 826 360 11.·
961 315 964 318 ·
998 339 1001 346 ,
1037 273 1088 358 ,59

19 483 110 534 tatem.
150 459 370 540 Hierocibus
389 471 525 536 tanturn¹
550 479 750 554 promotum.
771 477 843 554 est,
864 479 904 534 nt
928 472 1116 546 reversnst

19 569 43 636 in
62 565 352 660 urhemexercitns
379 567 518 656 triginta
547 581 710 657 tyrannos
736 569 903 660 emigrare
929 569 1103 646 Eleusine¹

19 671 128 751 inheret,
166 667 353 742 substitutis
380 669 513 754 decem,
558 670 617 759 qui
644 671 884 762 rempublicam
914 687 1087 766 regerent:

21 771 57 860 qui
77 770 148 836 nihil
173 773 328 862 exemplo
355 773 482 860 prioris
513 773 754 842 dominationis
779 775 907 860 territi,
934 775 1117 843 eamdem5

19 875 80 942 tiam
99 873 292 941 crudelitatis
314 873 464 962 adgressi
482 889 570 958 suut.
595 875 703 945 ‚Dum
723 879 807 945 haec
820 863 973 966 agtrntur,
993 890 1118 945 nun-6

20 975 370 1061 riarnrtssedaomons,
397 980 523 1046 bellum
543 951 692 1054 Athenis
718 981 902 1050 exarsisse:
931 982 973 1048 ed
996 983 1088 1070 quod
1185 989 1187 996 ’

21 1078 263 1168 conprimendum
285 1077 465 1148 Psnmuias
492 1105 558 1150 rex
584 1080 747 1150 mittitur:
776 1083 834 1172 qui
858 1083 1120 1156 misericordis?

21 1181 111 1250 exsulis
129 1181 248 1272 populi.
260 1197 452 1272 permotus,
473 1184 619 1274 petriam
633 1184 765 1253 miseris
780 1187 911 1258 civibus
932 1187 1089 1271 restituit,

21 1300 43 1350 st
62 1285 157 1350 decem
182 1300 345 1374 tyrannos
373 1309 421 1354 ex
445 1288 529 1354 urhe
549 1286 709 1356 Eleusina
728 1289 877 1378 migrare
897 1289 940 1356 ad
961 1303 1090 1356 ceteros

20 1388 90 1454 iubet.
126 1385 251 1476 Quibus
280 1391 383 1456 rebus
412 1413 489 1456 cum
515 1413 587 1480 pax
618 1405 743 1458 statuta
772 1403 876 1474 esset,
903 1391 1121 1460 interiectus

21 1491 113 1574 liebus,
131 1505 266 1581 repente
279 1491 418 1584 tjm'snni
429 1515 498 1560 uon
510 1493 620 1560 minus
635 1494 809 1560 restitutos
823 1495 969 1578 exsules,
992 1493 1092 1584 quam

21 1619 43 1660 se
57 1593 85 1660 in
101 1594 246 1662 exsilium
269 1597 362 1664 actos
382 1595 612 1686 indignantes,
642 1597 738 1686 quasi
763 1619 847 1664 vero
876 1598 1018 1666 aliorum
1044 1599 1093 1664 li-
1117 1605 1119 1616 '

20 1695 171 1764 hertassua
190 1699 338 1768 servitus
361 1714 468 1782 esset,
490 1701 618 1778 bellum
637 1697 903 1768 Atheniensibus
923 1687 1092 1768 inferunt:

20 1799 60 1866 sed
76 1801 110 1868 ad
129 1783 346 1890 colloquium,
375 1801 484 1870 veluti
505 1801 770 1873 dominationem
789 1805 976 1894 recepturi,
1003 1811 1123 1895 pro-9
1214 1862 1220 1876 Ι

20 1903 108 1994 gressi,
126 1904 345 1994 perdnsidias
366 1905 619 1994 comprehensi,
639 1920 677 2003 nt
697 1905 789 1999 pacis
808 1906 967 1974 victimae
982 1908 1093 1974 truci·-

21 2005 116 2072 dantur.
153 2007 313 2096 Populus,
335 2031 437 2096 quem
459 2009 623 2096 emigrare
642 2009 828 2094 iusserant,
843 2010 881 2076 in
901 2011 1019 2076 urbem
1033 2033 1094 2076 re-

20 2124 131 2176 vocetur.
179 2111 298 2198 Atque
319 2111 367 2176 ita
390 2134 452 2199 per
476 2113 581 2178 multa
601 2113 752 2181 membra
772 2110 893 2178 civitas
921 2112 1091 2202 dissipata,
1106 2120 1146 2179 10

20 2209 149 2278 hunum
173 2213 311 2280 tandem
337 2233 458 2302 corpus
486 2214 669 2305 redigitur:
698 2229 749 2298 et,
771 2237 816 2280 ue
837 2202 904 2304 ¹qus
923 2215 1088 2304 dissensio
1104 2225 1142 2280 11

22 2330 120 2382 exsule
132 2316 208 2384 actis
221 2329 438 2398 nasceretur,
460 2337 577 2408 omnes
598 2317 815 2384 iureiurando
831 2317 1094 2406 obstringuntur,

23 2419 237 2486 discordiarum
252 2419 469 2486 oblivionem
468 2423 569 2508 fore.
589 2422 723 2488 interea
730 2405 897 2504 Thehahi,
907 2418 1095 2488 Corinthii·
1110 2429 1150 2488 12
1184 2443 1186 2450 ‘

24 2547 66 2610 qne
81 2526 199 2610 legatos
214 2523 258 2590 ad
278 2521 564 2590 Lacedaemonios
585 2523 736 2606 mittunt,
764 2522 826 2612 qni
853 2547 900 2589 ex
929 2523 1095 2590 manubiis
1206 2523 1211 2532 ‘

23 2626 171 2712 portionem
190 2625 343 2718 ,praedae
373 2625 561 2720 communis
585 2622 667 2695 belli
700 2625 909 2714 periculique
934 2639 1097 2713 peterent.
1143 2690 1147 2698 ,

25 2727 119 2810 Quibus
137 2729 282 2820 negatis,
308 2737 378 2796 non
400 2728 537 2818 quidem
558 2741 674 2819 aperte
692 2729 818 2796 bellum
841 2729 1003 2794 adversus
1026 2728 1096 2794 La·
1109 2738 1148 2796 ts

24 2833 214 2901 eudaemonios
243 2833 446 2900 decernunt:
490 2833 551 2900 sed
578 2827 688 2898 tacitis
718 2830 836 2898 animis
865 2843 991 2920 tantam
1011 2829 1098 2898 iram
1189 2867 1190 2870 ¹

24 2936 194 3025 concipiunt,
215 2948 254 3002 ut
276 2935 413 3003 subesse
432 2937 559 3002 bellum
579 2933 723 3023 intelligi
743 2947 866 3024 posset.
936 2939 940 2952 ¹

81 3039 162 3108 Gur.
182 3063 233 3106 xr.
274 3035 405 3104 Eodem
420 3038 492 3128 fere
504 3046 657 3128 tempore
669 3037 809 3122 Darius,
831 3062 897 3108 rex
908 3037 1097 3120 Persarum,
1111 3047 1127 3102 1
1190 3041 1193 3052 '

23 3127 145 3226 nentur,
163 3143 365 3232 Artaxerxe
387 3141 537 3231 et'Cyro
557 3141 636 3208 filiis
665 3141 801 3207 relictis.
843 3139 1000 3232 Regnum
1022 3143 1129 3208 Ar-2
1183 3209 1184 3212 ,

24 3245 142 3330 taxerxi,
169 3245 263 3340 Cyro
288 3245 459 3328 civitates,
488 3268 631 3334 quarum
657 3244 844 3334 praefectus
875 3260 963 3329 erat,
991 3260 1101 3311 testa·
1205 3277 1209 3284 ·

23 3361 105 3414 uento
121 3350 255 3438 legavit.
306 3347 374 3414 Sed
396 3347 489 3439 Cyro
511 3348 672 3416 iudicium
691 3347 814 3439 patris,
849 3347 974 3416 iniuria
993 3349 1152 3418 vide-3.

24 3445 101 3516 hatur.
144 3453 260 3542 ltaque
290 3453 419 3520 occulte
446 3452 607 3520 adversus
634 3449 775 3517 fratrem
798 3451 928 3539 ,bellum
952 3451 1101 3540 parabat.

25 3549 98 3632 Quod
121 3579 190 3624 cnm
218 3555 409 3624 nuntiatum
430 3555 624 3623 Artaxerxi
645 3569 751 3638 esset,
781 3553 976 3640 arcessitum
998 3555 1041 3622 ad
1062 3559 1131 3650 sel

25 3651 147 3741 lustrem,
178 3673 212 3746 et
231 3657 461 3726 innocentiam
483 3657 748 3725 dissimulatione
761 3659 764 3672 '
776 3657 861 3726 belli
881 3651 1109 3740 simulantem,

25 3761 206 3848 compedibus
227 3761 337 3830 aureis
359 3759 489 3828 vinxit:
510 3760 878 3850 interfecissetque,ui
897 3759 1112 3854 materpross

25 3855 163 3930 libuisset.
204 3864 372 3942 Dimissus
392 3863 496 3952 igitur
511 3863 638 3954 Cyrus,
659 3864 727 3932 iam
740 3885 808 3932 nou
822 3867 951 3932 occulte
965 3855 1134 3946 bellum,5

27 3963 66 4025 sed
82 3968 198 4054 palsm3
226 3960 370 4057 nec'per
397 3965 716 4054 dissimulationem,
742 3968 803 4036 sed
831 3981 945 4056 aperta
965 3967 1104 4055 profes*
1164 3968 1175 4029 ’.

27 4060 94 4132 sione
111 4073 226 4158 p'arare
248 4069 375 4160 coepit:
396 4067 525 4136 auxilia
544 4056 694 4159 undique
710 4071 887 4139 contrahit.
928 4069 1102 4158 Lacedae·
1115 4059 1154 4145 6*¹

26 4169 105 4234 nonii
129 4195 312 4258 memores,
348 4171 555 4240 Atheniensi
583 4175 672 4242 bello
705 4175 807 4244 enixe
836 4195 873 4240 se
902 4171 973 4239 eius
1002 4194 1113 4262 opera,

29 4268 144 4360 adiutos,
169 4279 265 4344 velut
283 4267 485 4366 riguerantes
513 4289 629 4346 contra
657 4301 757 4366 quem
777 4277 903 4344 bellum
923 4287 1116 4367 peraretur,
1162 4311 1166 4318 ·
1207 4326 1214 4339 .
1258 4287 1267 4294 ’
