2702 4852
263 246 323 334 74.
560 333 564 338 .
655 251 1019 340 suerrus
1123 321 1135 366 ·.

124 449 132 464 ⁸
189 435 408 504 Phocenses
436 435 488 524 od
519 435 713 523 dedisioeuens,
748 455 783 504 es
816 438 947 530 reliquos
985 411 1115 522 Graues
1144 445 1218 530 cogit
1246 447 1280 512 ut

352 538 460 614 seruile
480 517 658 630 obsequium.

187 667 219 726 6.
235 661 457 726 Monarchiani
477 687 545 728 cum
564 691 678 731 muno
699 669 845 732 iniustitias
862 671 1024 734 constituis.

648 915 851 988 Gurur
893 946 918 987 1
979 901 1000 1014 Ἰ
1048 901 1077 1014 ’ζ

240 1090 450 1175 iGnsreusn
472 1111 643 1195 ciuitates,
673 1110 785 1178 dum
772 1133 941 1211 imperare
963 1107 1116 1224 singulae
1135 1107 1279 1200 cupiunt,
1290 1109 1330 1176 iu-

230 1195 401 1328 2puerium
431 1236 549 1284 omnes
583 1214 823 1310 perdiderunt:
855 1212 980 1328 quippe
1007 1209 1044 1282 in
1062 1216 1220 1279 murnum
1236 1211 1331 1279 exitiun

267 1313 341 1381 sine
361 1319 464 1386 modo
487 1332 656 1440 sospites,
671 1317 827 1412 omnibus
857 1315 972 1404 perire
997 1315 1088 1404 quod
1110 1315 1249 1404 singulae
1266 1317 1330 1381 anit-

227 1423 252 1492 ,3
266 1427 405 1505 terent
427 1445 498 1490 uon
526 1421 593 1488 nisi
622 1443 803 1514 oppressae
824 1432 1024 1485 senseruntr
1065 1418 1226 1508 siqnidem
1243 1419 1332 1505 Philip·

172 1547 180 1560 ·
265 1546 357 1640 pus,
380 1549 447 1592 rex
468 1525 703 1607 Macedoniae,
730 1523 825 1589 velut
847 1545 866 1586 e
868 1509 1024 1642 specula
1044 1525 1212 1642 quadam,
1229 1519 1332 1588 libertati

266 1625 417 1692 omnium
450 1627 681 1712 insidiatus,'
702 1627 781 1691 dum
818 1611 1050 1694 contentiones
1085 1626 1262 1694 civitatium
1286 1625 1331 1708 alit,

267 1729 433 1796 auxilium
454 1719 678 1798 inferioribus
692 1729 853 1812 ferendo,
889 1732 1000 1798 victos
1020 1731 1150 1818 pariter
1169 1729 1331 1816 victoresque

230 1833 380 1900 'dsubire
409 1835 537 1923 regiam
566 1836 765 1903 servitutem
795 1835 924 1922 coigit.
965 1833 1073 1900 Causa
1104 1845 1141 1899 et
1169 1834 1236 1922 orig
1220 1833 1330 1900 “obuius

264 1935 345 2002 mali
368 1939 527 2006 Thebani
546 1940 658 2007 fuere:
687 1937 761 2026 qui,
796 1937 872 2005 curn
894 1957 1008 2004 rerum
1030 1931 1233 2054 potirentur,
1251 1960 1330 2003 secun

265 2040 342 2106 dam
363 2042 533 2112 fortunam
553 2041 726 2109 imbecillo
745 2037 856 2108 auimo
879 2037 1067 2124 serentes,
1065 2039 1176 2108 victos
1198 2033 1335 2107 armisls

265 2145 501 2214 oedaemonios
530 2161 564 2212 et
584 2148 792 2227 Phnccnses,
827 2145 923 2234 quasi
950 2169 1058 2234 parva
1080 2145 1319 2236 suppliciau
1256 2141 1331 2210 caedi·

263 2245 327 2312 bus
357 2260 390 2312 et
419 2248 546 2338 rapinis
567 2249 725 2332 luissent,
761 2249 850 2342 apud
881 2271 1057 2316 commune
1079 2248 1238 2316 Graeciae
1255 2243 1330 2312 coud-

233 2348 350 2415 5lium
371 2353 517 2440 superbe
539 2351 788 2420 accusaverunt.
818 2351 1237 2437 Lacedaemoniisjcrimiui
1250 2351 1329 2424 datan.

265 2453 361 2542 quod¹
380 2479 491 2522 arcem
512 2456 712 2525 Thebanam
739 2455 950 2523 induciarum
971 2455 1334 2545 tempore·occupassent;¹

197 2645 199 2652 y
233 2557 514 2646 §Phoceneibum
541 2561 634 2651 quod
657 2561 835 2627 Boeotiam
856 2560 1052 2650 depopulati
1074 2573 1206 2627 essent:
1237 2572 1331 2648 prorsus

263 2662 360 2750 qussi
395 2679 491 2752 poes-¹
510 2691 604 2734 arma
639 2678 677 2730 eo
703 2667 830 2732 bellum
858 2667 972 2732 locum
996 2665 1141 2753 legibus.
1158 2662 1330 2752 reliquissent

234 2764 349 2832 'lCum
370 2766 533 2834 iudicium
555 2769 697 2836 arbitrio
717 2768 885 2836 victorum
908 2782 1142 2851 exerceretur,
1164 2781 1249 2833 tanta
1263 2785 1330 2854 pecu-

234 2870 322 2936 8nia
343 2871 565 2957 damnantur,
595 2887 719 2964 quanta
742 2871 878 2938 exsolvi
898 2894 966 2938 ιιοιι
989 2886 1112 2972 posset.
1156 2870 1255 2963 Igitur
1270 2869 1330 2934 Plc-

263 2996 397 3053 censes,
433 3001 508 3044 cum
544 2977 652 3066 agris,
675 2975 823 3058 liberis,
849 2975 1127 3064 ¹¹coniugibusque
1155 2975 1331 3064 privarentur,

262 3077 449 3168 desperatis
476 3081 595 3163 rebus,
632 3079 820 3148 Philomelo
856 3077 1001 3168 quodam
1036 3079 1139 3161 duce,
1179 3079 1330 3144 veluto
1286 3071 1330 3137 Det

261 3179 460 3266 irascentes,
489 3184 682 3276 templum
671 3207 784 3272 ipsum
802 3183 975 3274 Apollinis
998 3131 1141 3272 Delphis
1161 3197 1330 3296 occupavere

230 3283 346 3350 9lnde
377 3309 459 3353 auro
486 3303 520 3355 et
545 3289 695 3376 pecunia
710 3288 853 3370 divites,
891 3288 1057 3371 conducto
1079 3284 1274 3372 mercenario
1289 3277 1331 3346 mi

213 3388 342 3468 solite,
372 3375 498 3466 bellum
520 3392 693 3460 Thebanis
721 3393 916 3487 intulerunt.
980 3377 1118 3457 Factum
1145 3387 1332 3462 Phocensiun,

260 3493 402 3558 tarnetsi'
427 3517 544 3563 omnes
579 3508 837 3564 exsecrarentur
865 3510 1005 3587 propter
1020 3471 1256 3590 sacrilegium,
1286 3477 1332 3584 pltl

261 3609 373 3663 tamen
394 3598 544 3667 invidiae
567 3601 757 3683 Thebanis,
793 3627 812 3668 a
834 3603 955 3692 quibus
978 3604 1020 3668 ad
1042 3607 1128 3671 hanc
1145 3603 1312 3671 necessitate

160 3725 164 3730 ·
211 3703 425 3786 ttcompulsi
447 3701 596 3786 fuerant,
634 3729 734 3794 quam
755 3704 838 3796 ipsis
861 3707 985 3776 intulit.
1028 3708 1148 3800 Itaque
1171 3697 1321 3774 auxiliali

29 3885 32 3892 ¹
96 3839 100 3856 ι
209 3813 248 3870 12
262 3818 295 3870 et
323 3807 366 3872 ab
395 3805 677 3892 Atheniensibus,
710 3823 743 3876 et
770 3809 1086 3881 aLacedaemoniis
1107 3815 1216 3880 missa.
1255 3805 1319 3876 Prin

258 3907 364 4000 igitur
393 3907 629 4002 congressione
656 3913 864 3982 Philomelus
891 3915 1077 3987 Thebanos
1116 3915 1231 3986 castris
1261 3907 1331 3994 exuit

211 4023 249 4082 13
261 4011 422 4104 Sequenti
444 4015 583 4112 praelio
593 4017 722 4106 primus
743 4019 836 4088 inte'r
855 4019 1116 4091 confertissimos
1131 4019 1282 4088 dimicans
1294 4034 1331 4076 ce

210 4126 249 4186 14
261 4119 362 4199 cidit,
397 4119 431 4187 et
452 4118 622 4212 sacrilegii
642 4145 768 4224 poenas
788 4124 895 4242 impio
915 4127 1077 4221 sunguine
1097 4127 1169 4196 luit.
1209 4124 1248 4191 In
1265 4118 1331 4244 huiot

259 4223 371 4291 locum
398 4225 469 4293 dux
490 4218 721 4341 Onomarchus
743 4229 892 4318 creaturi
992 4235 996 4243 “
1085 4319 1090 4332 ¹
1173 4249 1176 4255 “
