2796 4866
965 89 967 103 s
1037 75 1042 110 l

251 319 310 370 ns
334 316 484 372 recor
503 305 636 372 sous.
658 314 818 372 rouro.
841 315 895 364 nr
912 312 1045 392 sucu.
1105 312 1240 372 sturia

29 483 133 550 benda
154 483 477 584 quaesivisse,'·cuiu
497 482 585 550 illud
604 485 737 552 tant'uirs
758 481 878 574 egeni,
899 487 1110 584 ut'r'negnttm
1120 481 1236 572 Trogi

28 570 179 656 Pompeis
201 591 304 661 opus,
327 571 370 637 de
392 592 460 660 quo
481 593 564 637 mox
585 593 698 638 sermo
720 571 802 651 erit,
823 569 860 634 in
881 571 1117 656 compendium
1136 569 1240 636 redi-s

29 670 127 744 geret.
173 655 285 723 Horis-
300 657 390 723 enim
412 655 617 737 subsecivis,
641 679 716 724 cum
738 657 867 724 otiosus
888 651 1018 738 Romae
1039 657 1180 743 ageret,
1197 677 1238 722 se

28 740 177 828 reliquis,
200 767 289 830 quae
310 767 372 809 neo
393 744 624 832 cognoscendi
643 745 819 830 voluptate
841 740 1003 822 iucunda,
1025 761 1089 807 neo
1111 763 1237 808 exem-
1301 764 1309 776 ·

28 830 77 916 plo
106 829 305 896 necessarie
330 841 429 894 erant
450 829 602 910 omissis,
641 855 680 896 ea
708 843 838 894 tantum
864 847 954 926 quae⁴
978 825 1127 892 maxime
1156 849 1239 894 mess
1309 903 1314 911 .

27 926 157 983 moratu
180 914 286 1000 digna
307 929 428 996 essent,
455 939 502 980 ex
523 914 644 1004 Trogo
665 914 850 1002 collegisse,
870 931 908 978 tn
919 912 1132 1002 praefatione
1154 913 1237 1002 libri
1273 971 1276 982 .

28 1000 93 1085 ipse
119 1012 279 1069 testatur.
323 999 437 1084 Quare
467 999 497 1066 si
524 998 768 1090 ipse‘Trogn‘s
797 1012 966 1096 superstes
993 1009 1100 1082 esset,
1124 999 1261 1088 docile,

30 1107 220 1152 careremus
248 1087 396 1169 Iustin03
435 1085 504 1152 iam
527 1109 603 1154 curn
624 1088 735 1175 Trogi
757 1105 842 1174 opus
863 1083 1050 1166 interierit,
1087 1097 1121 1150 ot
1143 1087 1237 1158 tolus

30 1170 173 1270 supersit
202 1171 373 1254 Iustinus,
411 1171 476 1240 hoo
503 1171 580 1260 ipso
608 1173 717 1241 creuit
736 1171 808 1236 eius
832 1168 1033 1256 auctoritas,
1064 1184 1099 1236 et
1126 1169 1238 1257 grstia

28 1280 164 1344 insuper
188 1258 346 1324 habenda
368 1273 419 1324 sst
439 1257 614 1340 fortunae,
647 1280 733 1348 quae
755 1255 955 1322 memoriam
974 1275 1090 1320 rerum
1109 1255 1241 1320 musta-.-
1303 1254 1308 1270 '

30 1367 115 1422 rum,
151 1366 238 1430 quas
261 1343 333 1409 sine
355 1363 396 1410 eo
419 1345 520 1442 plane
540 1343 798 1431 ignoraremus,
835 1363 903 1406 non
932 1339 1072 1406 omnino
1093 1340 1239 1406 interire
1334 1375 1337 1382 ·

30 1451 120 1516 passa
147 1441 212 1494 est.
255 1429 413 1514 intanta
438 1453 529 1494 enim
549 1431 758 1518 reliquorum
781 1427 986 1514 scriptorum
1008 1428 1121 1507 clade,
1145 1423 1241 1492 haud

31 1535 100 1580 raro
122 1512 182 1594 fit,
212 1519 252 1580 sit
271 1516 362 1580 solus
382 1515 477 1580 testis
499 1517 645 1602 supersit
666 1515 832 1590 Iustinus,
864 1513 906 1576 sd
928 1509 1023 1578 ouius
1046 1512 1239 1578 auctorita*

29 1613 90 1664 tem
118 1599 203 1665 ideo
228 1601 266 1665 in
280 1600 488 1690 ‚antiquitate
508 1601 709 1668 illustranda
729 1624 831 1688 saepe
851 1597 950 1663 unice
972 1593 1241 1686 confugiendum

30 1686 75 1750 sit.
118 1685 289 1752 Vindicat
314 1686 363 1751 ita
394 1687 531 1774 quidem
557 1687 706 1754 lustinus
736 1687 802 1752 sibi
822 1687 934 1750 locum
956 1683 1048 1748 inter
1069 1682 1240 1770 gravissi-

30 1793 94 1836 snos
123 1771 292 1837 historiae
320 1771 519 1861 scriptores,
552 1796 620 1861 quo
649 1775 687 1840 i'n
714 1769 858 1838 historia
889 1769 1093 1856 exponenda
1121 1789 1241 1836 carere

30 1880 84 1922 nos
105 1879 183 1923 non
202 1879 304 1946 posse
327 1879 444 1924 omnes
466 1858 685 2006 profitentur3
729 1855 989 1946 attamenshaud
1009 1853 1111 1956 facile
1132 1855 1238 1922 alium

30 1943 197 2030 reperies,
233 1943 387 2034 qni'tam
416 1967 503 2008 mae
532 1945 647 2032 audiat
674 1945 765 2012 inter
794 1941 946 2024 criticos,
981 1952 1015 2005 et
1035 1959 1130 2006 curus
1151 1941 1237 2007 fides

32 2030 108 2094 adeo
132 2031 292 2118 suspecta
313 2029 368 2096 sit.
411 2029 536 2096 Parum
556 2044 624 2112 est,
647 2045 685 2096 ut
707 2023 1032 2118 eumnegligsntise
1051 2025 1089 2092 in
1110 2049 1239 2092 excer-

31 2117 137 2202 pendo
163 2115 285 2204 Trogo
313 2130 349 2181 et
378 2115 601 2204 compilandis
623 2116 775 2182 historiis
797 2115 866 2180 suis
888 2111 1100 2193 insimulent,
1134 2111 1243 2178 fella-⁴

15 2197 98 2265 ‘cem
136 2223 275 2300 qnoque
308 2215 341 2266 et
374 2201 629 2270 mendaciorum
662 2204 797 2268 fabrum
828 2199 918 2266 haud
947 2217 1026 2264 raro
1054 2199 1238 2286 appellant.
1269 2217 1271 2230 ·

35 2289 120 2368 Quae
144 2308 222 2351 oum
243 2303 290 2352 sta
313 2287 399 2364 sint,
439 2289 529 2362 haud
550 2312 675 2355 vanam
696 2311 750 2354 sne
770 2307 928 2376 operam,
956 2305 1020 2348 neo
1044 2307 1063 2350 a
1083 2281 1238 2349 *consiliis

34 2371 199 2438 societatis
226 2385 363 2438 nostrae
391 2373 553 2455 alienam,
591 2388 824 2466 suscepturum
848 2393 921 2436 esse
943 2369 1110 2448 arbitror,
1148 2368 1179 2434 si
1200 2369 1238 2436 in

35 2457 126 2522 fidem
155 2457 281 2526 Iustini·
304 2459 491 2524 accuratius
515 2459 702 2550 inquiram:
743 2455 900 2524 nonnihil
929 2455 1020 2521 enim
1049 2453 1131 2520 inde
1151 2451 1240 2520 lucri

35 2543 65 2607 in
89 2542 271 2610 historiam
299 2546 487 2634 antiquam,
523 2545 559 2610 in
587 2569 653 2634 qua
683 2561 752 2612 tam
778 2545 883 2608 multa
903 2565 949 2607 ex
969 2539 1094 2606 lustini
1116 2553 1240 2606 auoto-

37 2629 125 2696 ritate
152 2631 323 2718 pendent,
358 2631 625 2696 redundaturum
655 2655 744 2708 esse,
780 2627 939 2716 sperandi
966 2627 1146 2692 hio-locus
1169 2639 1237 2691 est.

37 2717 193 2782 Attamen
220 2715 257 2780 in
283 2717 376 2782 omni
401 2719 468 2782 heo
494 2717 731 2804 disquisitione
753 2733 822 2780 non
843 2727 912 2778 tam
935 2713 977 2777 de
996 2713 1074 2802 ipso
1095 2709 1237 2794 Iustino,
1268 2717 1276 2741 '

38 2825 127 2886 qnam
150 2803 194 2868 de
215 2823 257 2866 eo
279 2802 456 2892 scriptore,
478 2825 524 2867 cx
543 2816 611 2890 quo
632 2803 691 2867 ille
708 2801 807 2866 unice
828 2821 887 2864 sua
909 2797 1030 2880 hausit,
1054 2799 1098 2862 de
1116 2801 1237 2897 Trogo
1288 2810 1291 2819 '

7 2943 8 2950 ,
37 2888 205 2976 Pompeio
228 2911 418 2954 sermonem
441 2907 514 2953 esse
536 2908 636 2977 posse
658 2909 758 2953 nemo
778 2906 848 2951 non
868 2883 976 2951 videt.
1025 2883 1124 2964 Quod
1147 2905 1239 2950 enim
1334 2932 1338 2948 .

7 3013 9 3020 ν
39 2973 74 3036 ad
101 2973 269 3041 lustinum
297 2975 462 3061 pertinet,
498 2974 584 3039 illud
612 2987 742 3040 tantum
774 2971 1022 3060 dispiciendum
1051 2967 1134 3044 erit.
1171 2991 1245 3057 que

20 3081 108 3124 ‘cura
137 3073 171 3125 et
201 3059 379 3148 diligentia
399 3059 436 3126 in
458 3062 674 3148 excerpendo
697 3073 834 3126 auctore
856 3077 918 3124 suo
939 3069 1095 3121 versatus
1115 3053 1239 3137 fuerit3

40 3144 75 3208 de
100 3167 168 3234 qno
199 3145 289 3210 infra
317 3145 453 3211 dicendi
481 3147 574 3212 locus
604 3148 678 3212 erit:
722 3146 775 3211 De
798 3143 918 3230 Trogo
940 3141 1106 3230 Pompeio
1127 3154 1240 3206 antem
1278 3191 1283 3200 ,

40 3230 294 3316 disputationem
315 3232 363 3298 ita
386 3231 574 3313 instituam,
595 3245 633 3297 ut
658 3237 812 3321 primum
833 3231 876 3295 de
893 3229 968 3318 ipso
986 3241 1139 3308 auctore,
1163 3243 1241 3289 tum

40 3315 76 3413 do
103 3339 209 3405 opere
235 3317 324 3400 eius,
367 3341 435 3418 quo
458 3317 586 3385 ambitu
607 3319 692 3383 illud
714 3317 834 3399 fuerit,
872 3328 906 3381 et
932 3317 1031 3402 quale
1060 3312 1239 3380 consilium

7 3477 8 3482 γ
40 3425 70 3466 ιιι
90 3426 129 3469 eo
152 3417 285 3470 secutus
309 3403 370 3486 sit,
398 3429 433 3470 ιιι
455 3404 651 3470 universnm
675 3425 864 3492 exponam
891 3401 1023 3552 *quibus
1045 3399 1238 3486 explicatis,

7 3555 8 3558 ,
41 3487 70 3551 in
84 3489 484 3578 proximsdispntatione
501 3490 544 3554 ad
559 3489 689 3576 singula
705 3489 894 3554 descenden

7 3603 8 3644 3
42 3591 184 3656 auctores
206 3575 245 3642 in
265 3576 407 3730 sinpnlis
429 3574 525 3641 libris
546 3589 679 3641 secutus
703 3575 767 3653 sit',
789 3573 1045 3651 declarandum
1074 3591 1141 3657 quo
1161 3590 1239 3659 spso

921 3509 975 3550 um
993 3485 1075 3566 erit3
1105 3497 1138 3550 et
1150 3505 1239 3584 quos

43 3661 80 3727 ad
99 3675 227 3730 certum
249 3662 292 3730 de
338 3663 380 3730 de
406 3661 478 3729 eius
498 3659 662 3728 iudicium
677 3659 861 3759 ¹ferendum
879 3659 940 3727 via
957 3657 1138 3726 munietur.

518 4009 524 4042 Ι
592 3924 670 4018 ιι.

124 4087 258 4178 Trogus
280 4085 476 4178 Pompeius
497 4112 565 4180 quo
584 4080 664 4170 looo
683 4073 781 4158 natus
803 4086 863 4174 sit,
902 4103 938 4154 et
957 4063 1241 4184 quuuettsteuvi-

50 4173 140 4257 xerit,
162 4177 242 4241 satis
261 4190 407 4256 constat;
429 4177 503 4264 ipse
527 4199 612 4244 vero
634 4178 834 4266 quisfuerit
855 4189 890 4242 et
908 4174 1001 4263 quod
1020 4186 1113 4240 ritae
1134 4191 1240 4268 genus

45 4263 213 4346 'amplexus
234 4262 295 4342 sit,
329 4261 495 4328 incertum
517 4279 577 4330 est.
619 4263 698 4352 Ipse
721 4264 813 4335 enim
832 4257 1092 4364 depascentibus
1114 4263 1242 4348 ssus3et
1264 4301 1271 4319 „-
1384 4301 1391 4322 ι

51 4361 138 4430 gente
162 4371 228 4436 qua
255 4359 350 4415 ortus
370 4359 459 4434 erat,
493 4349 682 4420 udrcsloem
702 4346 817 4446 operis
838 4365 891 4417 sut
911 4337 1080 4415 nonnulla
1094 4339 1241 4410 annota-

650 4496 670 4504 ”
708 4509 716 4540 Ι

1388 4523 1391 4578 l
