2786 4856
233 231 311 338 248
635 259 937 314 buerius
1067 231 1071 242 ’

211 419 385 490 :theudas
429 423 518 512 quin
537 398 626 488 ciero
653 423 701 486 sit
722 419 954 486 resistendum
976 417 1298 508 impugnantibus,
1324 443 1362 484 ne

245 547 305 594 eos
319 523 465 613 quidem
488 525 670 595 dubitare,
692 527 832 614 quispe
852 525 1032 588 uictoriae
1052 541 1223 588 careant.
1261 525 1362 611 Quip-

243 649 292 714 pe
314 628 485 694 adversus
506 629 696 708 latronem,
717 631 748 692 si
767 644 954 714 nequeant
973 649 1040 714 pro
1062 629 1197 696 salute,
1223 649 1294 714 pro
1315 627 1360 689 ul-

211 735 349 798 3tione
379 749 503 796 tomen
528 753 611 812 sua,
642 730 762 796 omnes
779 729 926 820 ferrum
961 734 1148 820 stringere.
1198 731 1358 796 Ceterum

244 839 334 926 quia
356 854 431 901 non
453 833 494 898 id
515 851 670 922 agatur,
693 855 743 900 an
764 835 877 918 liceat
898 837 1100 921 quiescere,
1124 856 1203 898 non
1227 849 1357 898 tantun

157 980 163 990 =
245 941 368 1006 animo
400 935 688 1018 hostiliter,·sed
717 939 829 1002 etiam
855 939 998 1024 proelio
1027 938 1244 1024 congressis,
1281 958 1358 999 con-

190 1032 194 1037 ’
242 1039 450 1111 sulenc'lum,
473 1063 547 1128 qua
568 1043 713 1104 ratione
733 1059 778 1102 oc
798 1059 860 1126 spe
883 1048 1014 1126 coepta
1036 1040 1133 1104 bella
1155 1043 1357 1104 sustineant.

214 1143 332 1222 ‘Esse
359 1162 481 1208 autem
510 1145 577 1208 sibi
603 1147 784 1208 uictoriae
808 1140 1010 1228 fiduciam,
1040 1146 1071 1207 si
1103 1147 1149 1209 sit
1182 1143 1259 1206 illis
1287 1145 1358 1203 oni-

243 1265 337 1312 mus:
357 1247 612 1366 Romanosque
635 1250 728 1312 vinci
747 1267 862 1335 posse,
886 1249 1070 1333 cognitum
1095 1247 1265 1312 nonsibi
1291 1266 1358 1306 mo

145 1353 149 1364 '
199 1351 206 1374 ⁴
242 1351 316 1436 gis,
351 1372 461 1438 quam
489 1353 572 1438 ipsis
603 1349 792 1440 militibus,
829 1350 892 1436 qui
922 1366 957 1412 et
986 1354 1023 1413 in
1052 1349 1231 1438 Bithynia
1253 1347 1360 1431 Aqui·

183 1452 355 1524 ilium,
392 1470 427 1519 et
461 1453 545 1519 Mal
545 1455 659 1520 tinum
692 1457 731 1518 in
765 1449 1005 1539 Cappadocia
1026 1451 1220 1546 fuderint.
1264 1451 1359 1514 Acsi

229 1553 352 1642 ·quem
379 1557 501 1620 aliena
530 1561 644 1642 magis
666 1558 853 1641 exempla,
882 1576 991 1642 quam
1017 1579 1083 1620 sua
1116 1557 1359 1642 experimento

224 1675 440 1748 moueant,
463 1656 595 1725 audire
614 1681 675 1727 se,
699 1679 722 1722 a
746 1657 910 1745 Pyrrho,
936 1681 1022 1746 rege
1043 1659 1172 1746 Epiri,
1193 1679 1273 1721 non
1292 1677 1359 1718 arn-

244 1760 339 1844 plius
364 1783 473 1847 quarn
511 1753 672 1848 quinque
706 1759 860 1850 millibus
894 1761 1138 1826 Macedonum
1179 1766 1359 1826 instructo,

216 1871 235 1926 6
237 1861 356 1950 susos?
378 1863 487 1927 tribus
517 1865 669 1949 praeliis
700 1861 891 1928 Romanos.
946 1863 1090 1929 Audire
1121 1864 1359 1929 Hannibalem

236 1963 428 2029 'sexdecim
451 1969 554 2042 antiis
576 1963 713 2030 Italiae
733 1970 909 2030 victorem
928 1971 1181 2032 immoratum.-
1227 1985 1265 2032 et
1287 1968 1358 2052 quin

173 2141 176 2144 ,
247 2071 383 2154 ipsam·'
398 2083 547 2154 caperet
569 2059 711 2138 urbem,
743 2092 817 2133 non
847 2071 1091 2136 Romanorum
1113 2074 1174 2135 illi
1195 2074 1294 2135 vires
1313 2069 1359 2131 ob-

163 2181 170 2194 ·’
246 2174 395 2240 stitisse,
430 2169 495 2235 sed
528 2169 747 2235 domesticae
774 2175 1029 2238 aemulationis
1063 2192 1180 2261 atque
1209 2173 1358 2238 inuidiae

216 2271 415 2336 estodium.
458 2273 600 2343 Audire
626 2277 780 2362 populos
813 2275 1075 2361 Transalpinae
1106 2277 1267 2357 Galliae
1295 2277 1358 2339 lto-

202 2389 206 2398 “
248 2375 336 2438 liam
359 2380 550 2462 ingressos.
579 2381 744 2442 maximis
766 2399 845 2441 eam
865 2380 1099 2466 plurimisque
1120 2379 1275 2444 urbibus
1295 2401 1357 2466 pos·

123 2486 125 2494 “
168 2527 174 2546 t
246 2477 385 2551 sidere;
431 2495 466 2541 et
500 2481 610 2543 latius
639 2482 832 2568 aliquanto
865 2482 979 2544 solum
997 2480 1149 2566 finium,
1199 2488 1387 2569 quanin·

246 2579 361 2651 Asia,
384 2603 480 2668 quae
501 2579 838 2654 dicatur'imlrellis,
873 2583 1012 2647 eosdem
1038 2584 1168 2649 Gallos
1197 2607 1357 2672 occupas⁴

115 2651 134 2678 ’4

44 2681 46 2693 '
102 2708 128 2770 J
211 2693 305 2750 ‘Oses
349 2707 416 2748 nec
442 2690 577 2748 uictam
604 2688 716 2750 solum
741 2686 901 2751 dicisibi
927 2687 1078 2752 Romam
1100 2711 1125 2750 a
1153 2689 1288 2758 Gallis,
1308 2688 1358 2753 sel

252 2791 362 2852 etiarn
395 2807 560 2875 captam,
602 2791 659 2851 ita
686 2805 726 2852 ut
755 2794 858 2854 unius
889 2792 960 2854 illis
982 2793 1111 2854 montis
1136 2808 1285 2856 tanturn
1306 2817 1359 2858 ca·

250 2911 375 2954 cumen
410 2890 701 2978 relinqueretur}
739 2915 805 2956 nec
834 2893 927 2957 bello
963 2874 1118 2964 leostem,
1154 2895 1222 2959 sed
1253 2903 1359 2984 pretio

217 2999 451 3058 θνοηιοιιινη.
483 2993 575 3056 Gal
547 2997 677 3057 llorum
696 3012 817 3058 autem
839 3017 988 3064 nomen,
1009 2995 1114 3082 quod
1133 3003 1361 3088 semperfla-

195 3145 198 3151 .
250 3095 376 3161 manos
404 3101 553 3166 terruit,
589 3100 627 3160 in
653 3115 795 3183 partem
823 3103 954 3162 virium
976 3118 1122 3162 suarum
1144 3103 1223 3187 ipse
1245 3127 1361 3168 nume-

251 3215 318 3264 ret.
360 3197 458 3264 Nom
479 3199 563 3270 izos,
609 3200 817 3287 quiAsiom
838 3203 1022 3285 incolunt,
1059 3199 1190 3267 Gallos
1219 3207 1359 3277 abillis,

237 3304 356 3388 qui
351 3303 440 3366 Ital
413 3305 501 3366 liam
535 3321 823 3390 occupaverant,
863 3303 1003 3368 sedibus
1033 3321 1177 3370 tantum
1214 3307 1360 3383 distare·

202 3413 243 3468 10
256 3383 432 3491 originem
453 3406 597 3495 quidem
623 3430 668 3470 ac
688 3411 881 3476 uirtutem,
899 3429 1082 3496 genusque
1102 3431 1258 3496 pugnae
1281 3414 1360 3478 iden

252 3507 411 3576 haberes
456 3528 635 3598 tantoque
664 3509 717 3572 tis
741 3513 934 3596 sagaciora
966 3533 1035 3574 esse
1067 3535 1179 3597 quarn
1207 3517 1288 3582 ittts
1313 3522 1361 3580 in·

251 3615 382 3712 genia,
407 3631 544 3699 qzrcnto
567 3615 726 3700 longiori
753 3635 797 3676 ac
828 3609 1028 3711 difficiliori
1048 3621 1167 3702 spatio
1191 3640 1265 3704 per
1285 3621 1361 3707 Illy-

237 3717 367 3778 'ricum
391 3715 653 3802 Thraciamque
672 3715 890 3802 prodierint,
913 3739 1008 3804 pene
1031 3723 1214 3805 operosius
1236 3727 1361 3788 transi-

200 3825 244 3882 fl
254 3819 299 3883 tis
321 3837 444 3882 eorum
454 3813 605 3905 finibus,
630 3839 739 3906 quarn
761 3819 823 3884 ubi
842 3819 1056 3894 consedere,
1076 3820 1253 3911 possessis.
1295 3827 1360 3890 Iam

606 3995 677 4037 mv.
701 3995 791 4037 uos.
814 3995 939 4044 GRAEV·
960 3957 965 3971 ¹

609 4105 614 4118 .
661 4085 869 4114 ιιι-ι--δ-
921 4085 941 4117 ”’,

293 4141 374 4212 Cu·
396 4167 447 4214 ιτ.
469 4151 494 4234 §.
517 4157 548 4212 2.
591 4173 659 4212 nec
679 4173 729 4211 eos
746 4150 875 4235 quidem.
955 4187 957 4192 ·

411 4282 415 4289 ·
469 4249 547 4334 §.30
589 4253 869 4340 notit’clogituri
