2740 4854
210 257 267 358 nr}
292 279 437 346 raons
464 280 599 339 eone.
625 260 789 357 eonas,
817 280 872 340 aa
899 281 1025 338 auor.
1106 285 1238 364 rrxxrx¹

100 443 259 510 Alteram
278 451 392 514 tamen
411 437 511 510 buius
530 435 612 509 libri
624 453 762 535 ‚partem
780 439 892 512 denuo
910 444 1032 536 explet
1047 446 1223 538 degrsmio

29 531 64 596 de
82 528 175 612 urbis
198 525 385 592 Heracleae
407 527 449 594 ad
470 525 769 616 Pontum‘o'rigine
791 543 825 596 et
847 526 1019 614 Clearcbi,
1040 537 1223 624 tyrannide

29 617 56 680 in
75 638 112 680 ea
133 613 255 702 potiti,
276 609 420 688 saevitis
435 624 536 699 atque
554 607 702 697 interitu.
745 612 885 682 Celebre
901 628 952 687 est
968 619 1107 705 tyranni
1121 621 1222 690 huius

29 723 138 766 nomen
162 698 253 788 apud
273 699 387 785 plures
409 695 591 786 scriptores
610 697 667 784 a),
696 697 851 786 inprimis
868 713 1127 778 tamen-constat
1150 709 1224 776 Me-

29 807 183 866 mnonem,
200 781 296 848 cuius
313 781 471 850 historias
486 781 626 850 Photius
642 783 822 872 excerpsit,
843 785 939 853 urbis
954 783 1139 858 Heracleae
1153 793 1223 864 sata

29 872 163 958 ideoque
182 865 339 941 Clearchi
359 890 494 956 quoque
515 866 694 936 historiam
717 869 916 958 supposuisse
929 871 994 954 l⁸⁸).
1034 873 1093 944 Ex
1109 877 1224 948 Photii

30 972 125 1021 tamen
149 952 341 1041 excerptis,
379 968 544 1042 quatenus
571 952 762 1022 Memnonis
791 955 990 1027 auctoritate
1020 983 1097 1028 usus
1120 963 1224 1032 suerit
1282 981 1285 987 “

31 1042 173 1130 Trogus,
203 1037 385 1106 diiudicari
407 1037 542 1126 nequit,
581 1037 747 1130 incipiunt
768 1039 857 1107 enim
881 1065 920 1108 ea
942 1067 961 1109 a
982 1041 1136 1114 Clearchi
1156 1043 1224 1118 de'-

30 1151 105 1192 num
126 1138 255 1206 aetate,
285 1124 333 1188 ita
353 1137 391 1190 ut
410 1123 529 1188 Iustini
551 1123 692 1208 tradita,
726 1123 782 1213 qui
807 1125 1022 1214 antiquitates
1042 1134 1136 1200 urbis
1160 1159 1224 1202 us-

30 1237 84 1312 que
104 1214 143 1281 ad
164 1207 317 1276 Clearcbi
340 1207 515 1276 interitum
536 1207 687 1290 exhibet,
707 1211 750 1276 iis
770 1211 884 1297 potius
928 1236 967 1281 ro
988 1220 1238 1304 supplemento,

30 1289 109 1362 nnn'
127 1297 167 1362 In
191 1293 448 1384 antiquitatibus
467 1316 550 1360 vero
571 1293 706 1360 urbium
727 1235 961 1386 explanandis,
983 1325 1059 1369 cum
1068 1303 1225 1396 Trogum

30 1400 67 1448 ex
91 1382 320 1470 Theopompo
347 1379 497 1451 maxime
526 1379 678 1446 hausisse
705 1381 859 1468 pluribus
888 1385 1054 1474 exemplis
1082 1403 1249 1478 constet,
1323 1411 1331 1428 ·

29 1471 99 1534 haec
128 1489 266 1556 quoque
295 1467 338 1530 de
366 1465 531 1532 Heraclea
554 1481 690 1532 narrata
711 1467 793 1534 inde
815 1465 921 1556 petita
943 1493 1037 1553 esse,
1072 1473 1139 1540 iarn
1162 1499 1225 1566 per

29 1579 57 1620 se
73 1551 250 1641 probabile
270 1550 358 1616 soret
366 1573 375 1624 3
395 1551 462 1618 nisi
484 1574 530 1616 ex
545 1551 726 1623 Athenaeo
747 1573 880 1650 quoque
901 1571 1080 1640 constaret,
1101 1561 1226 1632 Theo-

28 1661 176 1728 pompum
195 1651 233 1701 et
256 1635 406 1704 orieinee
431 1633 617 1700 Heracleae
638 1637 838 1715 tradidisse,
878 1651 911 1704 et
934 1637 1089 1710 clearchi
1110 1642 1225 1716 bisto-

28 1727 101 1789 riam
131 1722 285 1810 attigisse
306 1691 398 1807 Til⁵).
444 1719 602 1787 Ceterum
627 1723 737 1790 omnis
759 1723 815 1790 hio
833 1725 929 1792 loeus
952 1740 1020 1792 tem
1042 1729 1168 1800 diserte
1191 1721 1226 1801 et

28 1812 154 1896 copiose
186 1833 204 1874 a
235 1807 364 1874 Iustino
394 1807 569 1896 expositus
599 1820 667 1892 est,
707 1821 745 1874 ut
772 1809 939 1896 integram
968 1813 1080 1898 potius
1112 1817 1226 1910 Trogi

27 1894 173 1986 Pompeii
206 1893 454 1974 narrationem,
492 1915 593 1980 quam
623 1891 696 1960 eius
730 1893 900 1984 epitomen
929 1897 1028 1966 nobis
1054 1919 1225 1976 servatam
1261 1939 1264 1947 ·

28 2005 107 2066 esee,
144 1979 328 2046 abmodum
348 1977 528 2068 probabile
549 1976 604 2078 eit.

573 2151 597 2234 t.
622 2161 671 2216 tt.

99 2225 215 2312 Libro
228 2235 343 2312 XVII.
366 2241 433 2310 duo
454 2241 677 2310 continentur.
710 2239 825 2309 Primo
844 2241 922 2338 loco
943 2243 1106 2316 historiae
1125 2253 1226 2343 regni
1321 2220 1324 2228 ,

27 2331 230 2400 Macedonici
260 2329 485 2409 continuatio,
523 2329 640 2394 ultima
669 2351 792 2414 nempe
820 2327 1016 2427 hysimaohi
1043 2333 1130 2418 fata,
1165 2340 1225 2428 qui

27 2417 252 2484 Macedoniam
274 2415 541 2568 postPlprrhurn
563 2426 798 2504 occupaverat,
821 2437 958 2513 eiusque
980 2417 1015 2484 in
1037 2419 1127 2488 bello
1148 2445 1225 2492 cum

29 2505 162 2572 Seleuco
184 2501 340 2572 exitium.
418 2499 499 2566 etita
526 2501 610 2564 haec
639 2513 719 2566 suut
747 2521 793 2564 ex
820 2516 995 2587 scriptore
1010 2505 1068 2592 qui
1091 2507 1224 2580 Seleuci

27 2607 132 2680 partes
164 2588 301 2654 foverat
332 2600 450 2652 contra
476 2585 505 2652 L
534 2583 736 2664 simachum,
778 2581 813 2652 in
836 2609 935 2672 quem
959 2587 1162 2678 iniquiorem
1188 2619 1225 2662 se

28 2680 158 2762 praebet
181 2673 348 2751 lustinus;
369 2693 474 2778 quare
531 2671 708 2760 ieronymi
730 2667 914 2759 Condiani
935 2677 1166 2744 auctoritatem
1187 2681 1226 2748 in

27 2763 72 2827 bis
93 2773 247 2834 secutum
270 2779 342 2824 esse
358 2757 512 2844 Trogum
530 2757 744 2842 Pompeium,
766 2755 945 2846 probabile
967 2773 1026 2824 est.
1066 2763 1247 2848 Scripto?

26 2871 89 2912 rein
114 2847 253 2925 saltem,
292 2841 350 2930 qui
372 2843 555 2908 certamina
584 2843 644 2906 reia
674 2841 841 2926 διαδόχων,
874 2843 1018 2941 proprie
1048 2846 1225 2932 dictorum,

27 2930 250 3010 enarraverit,
269 2952 345 3004 eum
361 2942 437 2994 ante
452 2930 568 2994 oculos
584 2928 757 3010 babuisse,
778 2925 858 2994 inde
870 2952 937 2994 ram
953 2947 1109 3018 apparet,
1133 2935 1227 3024 quod

27 3019 173 3082 ultimum
203 3017 268 3080 boc
296 3027 462 3080 certarnen
484 3013 574 3080 inter
603 3015 780 3114 proximos
804 3014 994 3083 Alexandri
1018 3039 1227 3090 successores

28 3103 143 3182 luisse,
164 3101 240 3186 ipse
262 3112 393 3192 monet,
414 3097 616 3190 Hieronymi
641 3122 725 3168 vero
746 3099 966 3168 historiarum
988 3103 1150 3172 terminus
1170 3107 1226 3176 hio
1310 3119 1317 3128 '

27 3190 121 3254 luisse
143 3187 292 3270 videtur.

107 3275 285 3342 Praeterea
314 3291 417 3352 vero,
451 3294 526 3336 curu
549 3269 591 3335 de
616 3267 751 3358 Pyrrho
772 3267 870 3360 Epiri
891 3294 971 3372 rege
993 3297 1104 3344 sermo
1127 3294 1226 3362 esset,

25 3360 100 3426 huic
127 3380 263 3447 quoque
290 3357 380 3425 libro
402 3379 604 3425 excursum.
620 3355 751 3432 addidit
780 3357 824 3422 de
846 3379 940 3442 regni
966 3359 1129 3446 Epirotici
1151 3367 1229 3432 ori-
1282 3361 1304 3426 ’.
1334 3409 1337 3424 .

27 3447 111 3534 gine.
153 3445 265 3530 Reges
286 3464 371 3509 vero
396 3441 506 3532 Epiri,
528 3465 601 3518 curn
626 3465 644 3508 a
666 3441 820 3530 Pyrrho,
840 3443 1093 3529 Achillisblio,
1115 3465 1229 3518 ortum

27 3533 194 3612 ducerent,
218 3527 316 3616 regni
337 3527 488 3615 ipsorum
511 3527 608 3592 initia
630 3549 700 3594 non
720 3525 892 3594 historicis
907 3532 1018 3610 ruodo,
1041 3535 1101 3600 sed
1117 3537 1228 3624 poetis

28 3641 168 3706 quoque,
186 3613 361 3680 materiem
390 3615 558 3700 praebere
583 3625 751 3700 poterant.
812 3614 907 3680 Patet
936 3617 1005 3687 hoo
1034 3643 1080 3684 ex
1108 3621 1247 3694 lustini.

49 3727 157 3792 noque
179 3699 330 3780 traditis3
353 3723 431 3764 nam
454 3721 541 3786 quae
561 3697 602 3762 de
622 3699 697 3786 ipso
719 3697 866 3790 Pyrrho,
889 3700 931 3766 de
951 3701 1082 3771 Heleno
1103 3707 1230 3776 Priami
1324 3730 1354 3756 ·-

27 3727 113 3870 itio,
144 3785 197 3854 cui
219 3809 239 3851 a
261 3785 396 3874 Pyrrho
411 3803 557 3872 regnum
580 3781 754 3850 Chaonum
776 3799 810 3852 et
832 3785 1074 3856 Andromache
1096 3791 1229 3859 Hecto-
1255 3793 1263 3804 ‘
1311 3869 1312 3874 γ

28 3873 72 3939 ris
91 3874 196 3941 vidua
218 3893 377 3937 concessa
399 3893 471 3937 esse
493 3867 636 3954 dicitur,
667 3868 828 3958 legimus,
864 3893 909 3936 ex
931 3875 1109 3961 poetarum
1130 3897 1229 3946 com-

66 4095 94 4180 *)
124 4093 172 4180 Cf.
192 4095 305 4158 Athen.
330 4121 402 4180 pag·
416 4095 470 4160 85.
491 4094 587 4159 Diod.
604 4119 677 4180 pag.
691 4071 764 4161 560.
786 4097 861 4162 529.
882 4111 910 4158 et
930 4093 1022 4164 ulios.
1095 4187 1098 4194 Ι

67 4197 110 4276 **)
134 4199 216 4265 Ptot.
238 4199 308 4261 cod.
324 4205 399 4268 224.
453 4211 461 4224 ‘
518 4226 529 4254 ο

67 4299 343 4388 ”HAtbcmpap
365 4281 420 4369 185.
473 4383 476 4390 ¹
554 4362 562 4379 ,
