2906 4862
75 361 78 370 ,
233 285 315 370 258
524 375 527 382 ,
613 247 955 378 κιιιιιινιιιι

214 487 230 541 t
327 475 441 548 Gar.
451 501 492 542 ιι.
535 419 604 546 Seii
634 475 849 558 Alexander,
890 487 1056 574 occupato
1093 470 1216 590 Syriae
1248 493 1370 560 regno,

240 595 372 648 tumens
393 604 548 646 successu
569 605 694 662 rerum,
719 587 879 669 spernere
900 580 967 646 iarn
990 577 1090 644 etiam
1112 577 1224 695 ipsum
1247 576 1372 642 Ptole-

243 707 394 768 maeum,
417 708 435 750 a
459 706 527 772 quo
550 683 660 750 luerat
681 683 914 750 subornatus
904 707 939 748 ιιι
959 707 1019 772 reg
1022 704 1117 761 num,
1140 678 1319 766 superba
1303 699 1373 764 rra-¹

210 788 390 856 2solentia
417 789 542 882 coepit.
586 787 705 876 ltaque
727 787 956 869 Ptolemaeus,
986 784 1208 852 reconciliata
1235 782 1371 850 sororis

240 891 357 978 gratia,
381 892 557 960 destruere
578 891 774 958 Alexandri
796 913 950 979 regnum,
972 889 1064 979 quod
1086 887 1168 954 odio
1189 884 1369 967 Demetrii,

93 1063 97 1074 ,
210 993 374 1062 διιίιίἱιιιι
388 995 457 1060 suis
473 991 691 1084 adquisierat,
707 963 845 1061 stimmis
859 991 1008 1081 opibus
997 991 1152 1060 sustituit.
1176 989 1307 1056 llittit'
1297 988 1369 1077 rgi-

240 1110 297 1164 tur
324 1098 474 1187 ingentia
496 1096 618 1187 Grypo
639 1097 767 1166 auxilia
790 1111 823 1162 et
853 1097 957 1164 liliam
980 1097 1223 1185 Tryphaenam
1245 1093 1368 1189 Grypo

240 1215 435 1291 nupturam,
464 1216 502 1269 ut
524 1201 699 1290 populos
689 1225 726 1266 ιιι
748 1201 913 1267 auxilium
940 1201 1092 1289 nepotis,
1114 1222 1182 1266 non
1205 1199 1369 1264 societate

210 1300 372 1372 ltantum
394 1307 494 1387 belli,
529 1331 647 1376 verum
681 1319 715 1370 st
754 1304 927 1372 adfinitate
957 1327 1015 1396 sua
1045 1303 1255 1370 sollicitaret.
1298 1301 1369 1366 Nec

151 1461 153 1466 ,
240 1431 296 1474 res
317 1407 446 1476 frustra
468 1409 555 1474 suita
574 1399 653 1474 nani
674 1431 748 1476 cum
770 1423 887 1474 ornnes
902 1407 1059 1496 Grypum
1074 1403 1274 1474 instructum
1290 1406 1369 1469 Ae-

169 1517 172 1522 ’
194 1509 199 1516 “
220 1595 222 1602 ⁴
240 1511 343 1602 gypti
363 1511 498 1580 viribus
520 1512 695 1593 viderent,
725 1511 900 1600 paullatim
931 1513 973 1582 sb
995 1511 1198 1577 Alexandro
1221 1508 1368 1580 delinere

159 1695 161 1702 γ
212 1621 401 1704 δεοορειε.
442 1615 501 1684 Fit
529 1614 787 1701 deniqueinter
814 1639 913 1701 reges
935 1615 1117 1704 praelium,
1157 1635 1226 1702 quo
1254 1612 1368 1678 victus

238 1718 461 1810 Alexander,
497 1717 720 1787 Antiochiam
752 1717 916 1806 profugit.
966 1717 1021 1784 lbi
1056 1717 1154 1805 inops
1191 1714 1367 1805 pecuniae,

189 1811 217 1855 ‘¹
241 1845 316 1889 cum
332 1822 502 1912 stipendia
518 1821 684 1889 militibus
703 1819 874 1910 yleessent,
890 1824 1017 1907 templo
1039 1821 1130 1888 Iovis
1152 1821 1299 1900 solidum
1321 1841 1368 1884 ex

241 1947 326 2002 auro
340 1925 517 1992 Victoriae
539 1924 673 2012 signum
695 1924 772 1990 tolli
793 1923 898 2004 iubet,
912 1923 1030 1991 facetia
1049 1925 1134 1992 iocis
1150 1923 1368 2010 sacrilegium

241 2023 538 2097 circumscribens:
578 2051 656 2094 uam
684 2027 886 2092 Victoriam
914 2027 1180 2096 commodatam
1215 2029 1283 2092 sibi
1320 2027 1367 2090 ab

209 2131 331 2206 filove
354 2153 426 2196 esse
447 2130 597 2197 dicebat.¹
635 2129 826 2196 interiectis
855 2132 981 2200 deinde
1004 2132 1134 2213 diebus,
1156 2141 1233 2197 cum
1255 2129 1365 2218 ipsius

239 2233 333 2302 lovis
368 2258 509 2302 aureum
538 2233 752 2332 simulacrum
780 2233 905 2305 infiniti
935 2235 1096 2325 ponderis
1132 2235 1233 2302 tacite
1262 2232 1369 2300 evelli
1404 2254 1408 2262 ·

239 2329 411 2419 iuisisset,
446 2337 742 2426 deprehensusque
770 2338 806 2404 in
828 2337 1037 2428 sacrilegio,
1059 2361 1226 2406 concursu
1245 2337 1368 2404 multi·-
1446 2337 1447 2346 ²

190 2511 196 2526 ¹
238 2441 367 2507 tudinis
389 2455 477 2507 esset
498 2441 535 2506 in
554 2440 670 2528 fugam
688 2465 826 2524 versus,
864 2442 1043 2530 magna'vi
1065 2441 1274 2532 tempestatis
1297 2464 1365 2530 op-

239 2565 396 2632 pressus,
423 2567 461 2610 ac
484 2544 637 2610 desertus
660 2568 678 2609 a
701 2542 787 2624 suis,
808 2568 827 2609 a
849 2545 1038 2614 latronibus
1062 2546 1210 2636 capitnr3
1232 2545 1366 2634 perdu-

211 2647 448 2736 7051155119θᾶ
469 2647 636 2738 Grypum,
664 2646 875 2714 interficitur.
921 2647 1059 2748 Grypus
1084 2673 1204 2739 porr0,
1227 2648 1367 2736 recipess‘
1445 2673 1446 2691 ι

237 2765 314 2819 rato
338 2751 451 2839 patrio
473 2772 591 2839 regno,
610 2752 829 2838 externisque
850 2751 1015 2838 periculis
1033 2742 1206 2833 liberatus,
1230 2753 1365 2826 insidiis

239 2855 358 2923 matris
403 2855 584 2944 appetitur
644 2854 740 2937 (luae
773 2876 851 2920 cum
889 2855 1077 2948 cupiditate
1110 2856 1365 2938 dominationis,

239 2957 379 3080 prodito
402 2958 524 3036 marito
545 2957 737 3039 Demetrio,
758 2970 792 3023 et
813 2959 921 3024 altero
943 2958 1015 3026 filio
1036 2947 1234 3041 interfecto,
1266 2958 1366 3026 huius
1444 2967 1445 2973 ’

240 3085 398 3164 quoque
399 3061 545 3130 victoria
566 3063 602 3128 in
605 3061 765 3130 leuiorem
787 3059 987 3148 dignitatem
1017 3087 1112 3130 suam
1138 3063 1262 3130 lactem
1297 3063 1366 3128 do·-
1443 3065 1444 3068 ’

239 3168 343 3247 leret,
378 3151 533 3232 venienti
563 3167 604 3230 ab
628 3163 876 3238 exercitatione
904 3168 1064 3254 poculum
1084 3165 1208 3235 veneni
1231 3161 1364 3233 obtulit
1443 3189 1444 3255 ᾗ

209 3267 310 3337 used
333 3267 491 3363 Grypus,
521 3267 735 3356 praedictis
725 3293 792 3336 sam
813 3281 890 3338 ante
918 3267 1070 3350 insidiis,
1106 3264 1214 3338 veluti
1236 3271 1364 3360 pietate

241 3394 316 3440 cum
339 3385 445 3438 matre
466 3385 626 3452 certaret,
657 3373 808 3440 bibere'
796 3395 906 3460 nyssam
925 3371 1041 3456 iubet;
1062 3375 1223 3449 abnuenti
1243 3374 1364 3440 instat:

150 3485 157 3490 ’
239 3490 449 3566 postremum
477 3477 613 3564 prolato
639 3475 752 3542 indice
780 3499 854 3542 earn
878 3473 1007 3566 arguit,
1034 3481 1150 3544 solam
1174 3475 1364 3568 defensio-
1436 3485 1443 3568 5

239 3601 322 3644 nem
341 3580 484 3644 sceleris
503 3601 683 3674 superesse
703 3578 901 3662 adfirmans,
938 3582 1110 3652 cibabat,
1149 3579 1250 3671 quod
1274 3581 1361 3668 filio

242 3683 392 3760 obtulit
427 3681 482 3750 Sic
503 3683 595 3758 victa
615 3683 749 3770 regina,
787 3679 952 3750 scelere
941 3707 977 3750 ιιι
999 3709 1035 3770 se
1061 3707 1181 3768 verso,
1214 3706 1363 3766 veneno,
1441 3713 1442 3720 ι

208 3781 333 3876 9quod
353 3784 412 3850 alii
433 3799 624 3874 paraverat,
641 3779 891 3875 exstinguitur.
922 3787 1056 3858 Parta
1045 3789 1150 3876 agitor
1171 3795 1282 3878 regno
1304 3812 1362 3855 se·
1439 3841 1441 3864 ,

102 3959 110 3978 ,
193 3958 195 3968 ‚
239 3888 400 3982 caritate,
434 3885 573 3978 Grypus
602 3904 680 3957 octo
710 3889 806 3956 annis
837 3889 986 3980 quietem
1007 3905 1041 3959 et
1061 3892 1135 3982 ipse
1148 3892 1303 3976 babuit,
1330 3895 1382 3958 et'

583 4103 656 4146 mv.
678 4105 768 4148 ΠΟΤ.
791 4105 917 4151 ῦΜΠα

280 4321 359 4391 Car.
382 4328 419 4393 ir.
443 4326 470 4407 5.
492 4335 522 4394 7.
546 4327 737 4420 ¹inferiorern
758 4357 844 4394 suom
853 4331 980 4420 factam
1000 4328 1143 4396 doleres·
1172 4385 1176 4388 .
