2786 4856
153 311 156 322 ι
237 262 317 380 ἳθᾷ
413 301 416 308 ·
641 269 1112 348 tuerint*-

145 465 176 510 Ἀ
218 451 348 536 oriris,
369 448 665 536 mansuetudinem
694 451 896 540 mulieribus
920 452 1108 542 adsignant·
1152 451 1303 543 Semper
1323 465 1370 526 ant

246 557 284 627 iu
315 568 495 636 externos,
533 566 589 620 eut
617 553 654 622 in
681 555 1019 649 domesticnsmptus
1046 556 1214 648 inquieti:
1260 572 1371 624 natura

245 660 359 728 taciti:
400 659 445 726 ad
476 655 672 726 faciendum
681 704 695 738 ,.
725 683 827 750 quam
856 662 900 730 ad
935 661 1117 730 dicendum
1150 663 1369 751 promtiores:

153 807 157 816 ι
214 763 393 854 ilproinde
413 762 561 833 secunda
582 763 794 855 adversaque
815 764 952 852 silentio
978 780 1107 854 tegunt.
1158 766 1369 856 Principibus

84 869 89 876 “
244 884 348 951 metu,
362 889 434 940 non
448 866 580 956 pudore
601 880 733 953 parent.
775 866 816 936 ln
835 869 1012 943 libidinem
1035 870 1192 960 proiecti,
1206 871 1245 937 in
1267 871 1369 938 cibum

193 985 233 1040 lo
246 972 350 1062 perci.
377 971 478 1040 Fides
493 967 577 1038 dicti
594 969 821 1060 promissique
838 975 941 1056 nulla,
955 972 1021 1040 nisi
1037 987 1206 1061 qnatenus
1223 974 1368 1062 expedit.

106 1157 112 1164 ι
214 1090 254 1150 t,
331 1075 497 1160 Garasr.
540 1073 624 1142 Post
652 1088 797 1147 mortuus
817 1077 1013 1144 Alexandri
1033 1079 1150 1166 Magni
1171 1097 1253 1142 cum
1287 1077 1367 1144 inter

198 1241 199 1248 ,
243 1202 453 1252 successores
475 1177 548 1244 eius
563 1175 841 1266 Orientis'regna
863 1180 1115 1262 dividerentur,
1137 1184 1235 1247 nullo
1260 1180 1365 1248 Mace-

243 1285 370 1368 donum
402 1283 564 1370 dignante
585 1279 787 1369 l'ertborum
811 1281 1003 1372 imperium,
1026 1284 1206 1366 Stasanori
1229 1301 1364 1374 externo

211 1387 339 1456 2socio
353 1385 510 1458 traditur.
554 1383 600 1454 Hi
613 1397 733 1474 postea
756 1385 901 1452 diductis
921 1385 1226 1460 llacedonibunin
1249 1389 1363 1454 bellun

242 1490 364 1570 civile(
377 1511 466 1556 cunt·
476 1486 597 1567 ceteris
617 1487 806 1576 superioris
829 1491 935 1558 Asiae
959 1491 1093 1580 populis
1114 1491 1295 1586 Eumenen
1317 1517 1363 1558 se·

131 1612 133 1622 '
210 1595 312 1684 {euti
335 1604 431 1662 sunt:
454 1611 523 1677 quo
544 1589 647 1669 victo,
663 1589 706 1654 ad
721 1589 935 1679 Antigonum
954 1593 1133 1666 transiere.
1177 1595 1265 1662 Post
1284 1598 1362 1662 bunc

151 1755 156 1768 ,
242 1723 270 1768 a.
281 1696 441 1764 Nicatore
463 1693 618 1772 Seleuco,
639 1713 678 1758 ac
699 1714 784 1758 mox
807 1696 849 1760 ab
864 1693 1041 1762 Antiocho
1063 1702 1362 1776 et'successoribns

241 1801 314 1870 eius
337 1795 503 1888 possessi:
547 1793 685 1870 eonius
713 1809 841 1882 nepote
867 1795 1010 1866 Seleuco
1032 1800 1181 1890 primum
1205 1803 1362 1889 deiecere,

146 1889 148 1898 .
239 1904 353 1993 primo
374 1899 502 1976 Punico
524 1897 633 1977 bello,
663 1895 704 1964 L.
726 1896 853 1968 Manlio
877 1900 1051 1986 Vulsone,
1080 1903 1126 1970 Μ.
1153 1907 1272 1975 Atilio
1297 1907 1362 1974 Pte-

210 2015 231 2074 4
243 2009 324 2098 gulo
339 2002 542 2074 consulibus.
575 1999 687 2068 lluius
708 2000 910 2074 defectionis
929 1994 1166 2092 impunitatem
1189 2010 1263 2095 illis
1284 2007 1361 2080 dno-

162 2151 169 2166 .
240 2136 319 2184 rum
337 2109 481 2180 fratrum
499 2125 631 2192 regum,
651 2101 786 2172 Seleuci
807 2121 841 2174 et
863 2107 1040 2193 Antiochi,
1062 2111 1243 2188 discordia
1263 2115 1360 2184 dedit:

100 2214 106 2225 “
144 2199 145 2202 “
241 2215 302 2309 qni
329 2213 410 2280 dum
439 2207 506 2278 sibi
532 2206 682 2278 invicem
710 2207 843 2296 eripere
866 2233 1008 2302 regnum
1036 2217 1177 2300 volunt,
1209 2221 1361 2310 persequi

210 2317 431 2390 5defectorss
452 2311 648 2382 omiserunt.
690 2311 822 2382 Eodem
844 2328 998 2406 tempore
1028 2318 1130 2386 etiam
1134 2321 1359 2404 Theodotus,

239 2423 332 2490 mille
355 2418 488 2486 urbium
509 2417 765 2488 Bactrianae-um
786 2419 995 2508 praefectus,
1017 2421 1161 2506 defecit,
1185 2445 1358 2518 regemque

213 2539 277 2600 te
300 2513 465 2613 appellari
485 2503 603 2592 iussis:
639 2523 732 2609 quod
761 2527 957 2612 exemplum
983 2526 1090 2592 secuti
1097 2527 1218 2604 totius
1242 2529 1359 2598 Orien-

210 2631 287 2702 btis
316 2625 461 2744 populi,
493 2647 513 2690 a
541 2623 783 2694 Macedonibus
814 2626 976 2694 defecere.
1023 2629 1109 2697 Erat
1138 2653 1181 2698 eo
1215 2647 1359 2726 tempore

239 2738 403 2808 Arsaces,
426 2730 500 2806 nir,
519 2729 604 2796 sicut
627 2729 775 2800 incertae
797 2729 948 2818 originis,
963 2731 1012 2798 ita
1031 2732 1169 2825 virtutis
1192 2755 1359 2827 expertae.

208 2839 303 2908 tHio
334 2834 455 2904 solitus
482 2831 671 2900 latrociniis
698 2850 733 2902 et
754 2848 853 2923 rapto
877 2835 1015 2918 vivere,
1043 2853 1181 2926 accepta
1205 2841 1359 2928 opinione
1391 2903 1392 2920 ,

239 2943 418 3012 Seleucum
446 2961 466 3004 a
494 2933 602 3004 Gallis
630 2937 667 3004 in
690 2939 783 3008 ¹Asia
814 2937 959 3021 victum,
991 2943 1122 3029 solutus
1142 2943 1237 3030 regie
1266 2963 1360 3030 metu,
1391 2963 1392 2990 ³

238 3069 315 3112 cum
336 3041 546 3132 praedonum
568 3063 669 3109 manu
690 3041 834 3112 Parthos
855 3042 1046 3130 ingressus,
1069 3046 1283 3134 praelectum
1305 3073 1360 3116 eo-

238 3171 315 3218 rum
348 3146 589 3234 Andragoram
620 3146 810 3234 oppressit:
847 3149 1048 3237 sublatoque
1085 3171 1147 3230 eo,
1184 3150 1360 3240 imperium

201 3251 353 3340 8gentis
378 3249 516 3316 invasit.
559 3249 635 3322 Non
658 3272 781 3338 magno
805 3249 929 3318 deinde
950 3266 1029 3341 post
1049 3265 1205 3342 tempore
1223 3255 1360 3346 Hyrea-

141 3379 144 3390 ·
203 3374 517 3470 :eorumquoque
539 3375 682 3442 regnunt
706 3356 907 3445 occupavit·
933 3369 1035 3446 atque
1056 3355 1104 3422 ita
1135 3357 1340 3428 duarum
1313 3387 1360 3428 ct-

237 3457 395 3524 vitatium
424 3455 567 3544 imperio
596 3457 786 3544 praeditus,
829 3460 992 3548 grandem
1029 3463 1218 3530 exercitum
1259 3482 1358 3552 purat,

203 3565 332 3641 ernetu
354 3559 500 3640 Seleuci,
520 3575 555 3626 et
570 3559 747 3628 Theodoti
767 3561 1026 3642 Bactrianorum
1046 3565 1151 3652 regis.
1195 3566 1268 3642 Sed
1288 3570 1358 3646 cito,

204 3677 349 3750 morte
375 3661 554 3742 Theodoti
578 3679 669 3742 metu
696 3665 879 3746 liberatus,
907 3691 993 3748 num
1019 3666 1091 3738 titio,
1122 3667 1198 3734 eius
1224 3672 1358 3760 etipse

238 3763 426 3836 Theodoto
453 3763 576 3838 foedus
605 3789 644 3835 ae
670 3793 789 3860 paoem
812 3769 914 3855 lenit,
945 3795 1011 3840 nnc
1040 3774 1147 3841 multo
1179 3789 1261 3863 post
1289 3799 1360 3844 cum

577 3929 650 3972 mv
671 3930 763 3977 Hor
786 3931 911 3976 oum

280 4097 538 4184 ctr.1v.§.1.
579 4103 663 4166 dum
684 4107 761 4176 ¹inter·
779 4129 971 4192 mcoessorcs.
1006 4151 1009 4160 ·
1060 4171 1065 4179 ,

394 4226 396 4239 ’
453 4203 480 4287 i
502 4197 534 4270 2.
577 4209 748 4277 Eumenen.

329 4337 331 4342 ·
392 4336 395 4345 ¹
455 4313 533 4398 §.A
577 4307 942 4401 oculuspron'epote.
