2906 4862
140 289 279 394 2296
386 323 397 346 ι
515 283 1022 373 unauuc1.uter.'·

209 505 328 560 maeus
344 482 517 552 Ceraunus
531 483 576 552 'in
590 483 789 552 Macedonia
809 507 886 552 cum
899 481 1034 574 ttytitto
1046 423 1169 570 Illyrio
1193 493 1235 548 et'
1248 481 1338 550 Pto-
1398 439 1401 446 Ι

210 590 345 660 lemaeo
364 587 562 680 Lysimachi
587 588 660 658 filie
687 588 822 684 hahuit:
860 603 965 677 utque
985 585 1339 662 Arsinoen'somram

210 717 309 762 suam
328 692 482 784 iimperio
508 691 802 762 Macedonicarum
829 692 966 760 urbium
993 691 1118 756 exsuit.
1160 689 1239 778 Ipse
1262 713 1339 756 cum

209 793 334 886 Belgio
351 796 527 866 Gallorum
540 799 625 865 duce
639 819 857 887 congressus,
877 793 1017 864 interiit
1059 794 1242 884 Repetitae
1256 793 1338 860 inde

211 897 390 970 Gallorum
412 901 582 990 origines,
617 901 676 990 qui
703 899 891 992 Illyricum
911 911 1272 988 occuparan13atque
1300 908 1341 962 ut

209 989 361 1092 ingressi
387 1003 584 1091 Graeciam,
615 1005 756 1106 Brenno
785 1003 890 1090 duce,
924 1001 1068 1096 Delphis
1096 1001 1184 1070 victi
1212 997 1341 1067 deleti-

208 1121 391 1228 quaeunt.

461 1271 684 1350 Pnouoeus
725 1285 856 1348 Lunna
889 1281 1004 1358 XXV.

293 1437 425 1526 Quinto
456 1455 492 1506 et
517 1437 682 1506 vicesimo
704 1441 884 1508 ‘volumine
914 1440 1129 1508 continemur
1149 1435 1246 1502 haec.
1287 1433 1339 1502 Ut

157 1537 160 1551 ⁵
212 1541 412 1634 Antigonus
427 1541 544 1610 Gallos
564 1542 710 1622 delevit:
733 1545 857 1612 derude
870 1569 946 1613 cum
960 1543 1178 1632 Apollodoro
1191 1537 1342 1606 Cassan

166 1655 176 1662 '
212 1647 317 1718 dreae
354 1661 503 1733 tyranno
533 1645 663 1712 bellum
689 1648 820 1712 habuit.
872 1647 933 1736 Ut
951 1647 1042 1718 Galli
1068 1643 1274 1711 transierunt
1302 1635 1365 1708 in'

211 1745 362 1832 Asiam,
389 1749 585 1864 bellumque
608 1769 684 1812 cum
705 1727 768 1811 reir
747 1749 988 1835 eAntiocho
1014 1765 1049 1816 et
1070 1748 1233 1837 Bithynia
1257 1769 1342 1835 ges·-

213 1865 355 1919 serunt:
373 1866 456 1939 quas
477 1845 635 1938 regiones
655 1849 775 1916 Felini
787 1867 1004 1940 occuparunt.
1047 1851 1096 1920 Ut
1116 1852 1269 1940 Pyrrhus
1291 1873 1340 1916 ex

210 1953 325 2025 ltalia
338 1976 517 2034 reversus,
548 1973 666 2041 regno
693 1953 914 2022 Macedoniae
937 1955 1151 2046 Antigonum
1173 1954 1341 2028 ειιιιετίις

212 2056 513 2128 Lacedaemoniam
533 2055 724 2138 obsederit3
750 2057 892 2144 Argia
881 2059 1067 2125 interierit:
1089 2058 1298 2148 filiusque
1267 2083 1343 2126 enus

213 2159 417 2234 Alexander
441 2157 618 2250 Illyricum
638 2183 715 2228 cum
735 2159 872 2251 Mytillo
894 2163 1022 2230 bellum
1045 2163 1212 2230 habuerit

459 2353 683 2429 Pnonocus
710 2357 839 2423 Lunna
867 2359 1004 2422 xxvt.

178 2527 185 2552 l
297 2512 405 2603 Sexto
435 2528 470 2604 ct
494 2513 657 2581 vicesimo
681 2507 854 2582 volumine
872 2501 1093 2594 ¹continentur
1112 2516 1224 2584 haec„
1250 2513 1344 2601 Qui-

214 2619 279 2687 bus
306 2618 344 2683 iu
365 2618 505 2684 urbibus
529 2616 693 2684 Graeciae
714 2618 978 2686 dominationem
1000 2620 1197 2708 Antigonus
1219 2616 1344 2686 Gona-

215 2737 269 2790 tas
303 2720 525 2788 constituerit.
570 2720 621 2790 Ut
648 2720 840 2788 defectores
870 2721 987 2790 Gallos
1019 2721 1168 2810 Megaris
1201 2723 1345 2810 delevit,
1449 2765 1450 2798 f

213 2847 398 2921 regemque
431 2823 780 2892 Lacedaemoniorum
813 2827 933 2892 Arean
970 2823 1141 2916 Corinthi
1159 2826 1343 2896 interiecit.

214 2927 351 2998 Dehine
383 2949 459 2992 cum
492 2927 619 2994 fratris
637 2928 691 2994 sui
719 2927 851 2996 Crateri
879 2929 951 2996 filio
977 2930 1186 2996 'Alexandro
1214 2931 1345 2999 bellum

122 3028 127 3055 ¹
215 3031 384 3101 hahuerit.
426 3029 477 3098 Ut
496 3030 654 3122 princeps
675 3033 830 3098 Achaiae
852 3033 981 3100 Aratus
1005 3033 1196 3116 Sicuonem,
1219 3047 1252 3100 et
1267 3033 1345 3102 Co-

214 3137 384 3216 rinthum,
419 3145 451 3199 et
473 3132 614 3222 Megara
640 3133 825 3225 occuparitss
868 3134 918 3204 Ut
936 3135 973 3202 in
994 3135 1097 3226 Syria
1110 3135 1187 3204 'rex
1209 3137 1346 3205 Antio-

216 3241 314 3321 chus,
351 3236 554 3328 coguomine
583 3237 700 3320 Soter,
737 3241 844 3306 altero
865 3237 937 3305 filio
959 3241 1091 3320 occiso,
1127 3243 1234 3307 altero
1258 3264 1345 3330 rege

216 3355 410 3430 nuncupato
431 3339 624 3422 Antiocho,
644 3341 838 3410 decesserit.
882 3341 931 3412 Ut
949 3342 987 3409 in
1005 3345 1094 3410 Asia
1112 3342 1201 3408 filius
1221 3343 1347 3430 Ptole-
1448 3423 1449 3432 ἵ

215 3445 305 3514 maci
326 3444 434 3533 regis,
457 3446 551 3510 socio
574 3443 776 3543 Timarcho,
800 3445 995 3513 desciverit.
1008 3472 1028 3513 a
1048 3458 1165 3536 patre.¹
1198 3445 1245 3514 Ut
1265 3445 1346 3514 lra-

106 3555 109 3562 '
215 3564 270 3616 ter
290 3547 461 3634 ffltigoui
481 3547 692 3632 Demetrius,
719 3564 885 3640 occupato
908 3549 1062 3640 Cyrenis·
1075 3571 1200 3638 regno,
1229 3549 1347 3618 inter-

215 3653 303 3721 ierit.
365 3647 414 3718 Ut
441 3663 577 3718 mortuo
605 3671 686 3743 rege
714 3653 924 3740 Antiocho,
959 3651 1049 3722 filins
1067 3654 1151 3721 eius
1180 3653 1343 3724 Seleucus

217 3752 400 3824 Callinicus
419 3777 564 3846 reguum
584 3755 763 3846 acceperit.

370 3997 375 4020 ι
444 3951 674 4020 Pnouoeus
709 3953 836 4020 Lseut
869 3955 1029 4022 xxvtt.
1157 3961 1163 3968 '

239 4105 243 4113 ’
298 4108 451 4201 Septimo
474 4123 509 4176 et
529 4108 693 4178 vicesimo
713 4112 888 4179 volumine
907 4113 1125 4182 continentur
1143 4113 1252 4180 haec·
1275 4109 1350 4180 Se-

218 4212 307 4280 leuci
328 4215 453 4280 hellum
472 4213 509 4280 iu
530 4213 634 4303 Syria
654 4215 817 4284 adversus
838 4216 1069 4287 Ptolemaeum
1091 4217 1350 4308 Tryphonem:
1447 4295 1448 4310 χ

218 4317 302 4386 item
328 4317 367 4388 in
394 4314 483 4388 Asia
510 4315 679 4390 adversus.
700 4318 843 4392 lustrem
865 4345 964 4394 suum
985 4323 1194 4394 Antiochum
1214 4320 1349 4388 Hiera·
1447 4333 1448 4360 ι
