2786 4856
370 200 839 372 ''senouoor
911 241 946 248 ”
1011 244 1015 249 ’
1091 245 1243 328 293'

23 399 92 502 ¹cia
115 425 247 523 expulit
266 408 475 521 Antigonus,
497 432 547 501 sio
566 432 720 525 Phrygia
739 434 873 502 minore
892 435 1098 508 Aridaenm:
1125 426 1163 510 et

38 538 145 606 Clitos
160 537 272 606 victus
291 537 327 604 in
343 537 566 628 Hellesponto
587 540 702 606 navali
718 541 820 608 hello.
861 539 1162 627 Repetitumrtir·
1246 595 1254 602 -
1276 537 1289 564 ²

38 667 95 710 sus
116 643 245 710 bellum
265 642 309 706 ab
337 640 488 708 Eumene
512 644 871 738 perArgyraspidas3
893 667 961 734 quo
983 645 1094 714 victus
1117 648 1159 714 ab

36 739 237 834 Antigono,
265 744 405 811 interiit.
448 743 497 814 Ut
524 745 562 812 in
590 745 789 814 Macedonia
820 745 1028 831 Cassander,
1058 749 1160 818 ¹victo

38 849 323 940 Polyperchonte,
345 862 548 938 receptaque
572 873 591 916 a
612 849 781 918 Nicanore
803 850 995 942 lllunychia,
1019 868 1162 920 matrem

40 950 235 1020 Alexandri
257 951 464 1042 Olympiada
491 953 632 1046 Pydnae
661 955 835 1023 obsessam
862 969 897 1022 et
925 970 1073 1046 captam,
1117 953 1162 1026 ad

40 1053 195 1122 favorem
216 1056 338 1145 populi
360 1055 541 1125 interfecit.

214 1251 217 1258 ·
330 1283 555 1365 Pronoea
588 1298 739 1366 Lraas
773 1295 861 1366 XV.

122 1463 386 1550 Quintodecimo
419 1467 595 1553 volumine
623 1469 857 1558 continenter
878 1467 971 1536 baec.
1020 1467 1070 1538 Ut
1091 1467 1164 1535 De-

36 1571 199 1652 metrius,
227 1569 398 1658 Antigoni
426 1569 535 1654 lilius,
566 1572 679 1640 Gazae
704 1573 816 1638 victus
838 1587 890 1638 est
913 1595 932 1638 a
954 1572 1162 1639 Ptolemaeo.

38 1671 88 1740 Ut
110 1672 297 1738 Cassander
318 1673 354 1740 in
376 1673 576 1741 Macedonia
597 1675 703 1740 filium
724 1674 921 1740 Alexandri
941 1676 1032 1763 regis
1052 1669 1165 1742 intei-

41 1775 140 1856 fecit,
170 1787 216 1842 ae
238 1779 380 1842 alterum
408 1775 713 1865 Polyperchontes.
757 1775 806 1842 Ut
827 1773 1058 1844 Ptolemaeum
1080 1778 1166 1846 vicit

37 1881 145 1945 classe
167 1879 378 1945 Demetrius:
399 1879 558 1966 idemque
581 1879 624 1943 ab
647 1877 827 1943 obsidione
841 1877 956 1944 Rhodi
979 1895 1165 1951 summotus
1247 1929 1252 1936 -

36 1996 105 2049 est.
149 1980 306 2070 Repetite
327 1982 361 2048 in
383 1979 645 2071 excessuorigo
667 1979 900 2073 Rhodiorum:
922 1982 1012 2048 unde
1027 1983 1165 2071 digres-

34 2109 94 2153 sus
113 2084 309 2150 Demetrius
329 2083 492 2150 liberavit
514 2108 533 2150 a
551 2079 741 2151 Cassandro
755 2083 942 2152 Graeciam.
985 2084 1083 2180 Dein!
1097 2109 1172 2174 pat-¹

34 2205 91 2257 ter
121 2188 194 2254 eius
227 2188 425 2277 Antigonus
455 2190 582 2254 bellurn
617 2211 693 2255 cum
721 2187 928 2278 Lysimacho
957 2205 990 2256 et
1019 2187 1163 2256 Seleuco

35 2292 183 2360 habuit·
207 2291 388 2380 Repetitae
403 2291 536 2382 Seleuci
551 2313 616 2373 res,
639 2305 672 2357 et
690 2293 781 2382 regis
796 2289 914 2358 Indiae
932 2291 1160 2361 Samlrocotti.
1249 2291 1254 2298 ’

35 2397 88 2466 Ut
107 2395 218 2464 victus
242 2397 331 2462 hello
350 2396 545 2480 Antigonus
566 2393 715 2478 interiit;
736 2395 970 2486 reliquiaeque
990 2393 1128 2484 imperii
1142 2419 1163 2462 a

35 2499 157 2566 filio
129 2521 198 2566 etus
212 2514 291 2566 sunt
306 2501 477 2566 collectae
481 2498 670 2568 Demetrio:
713 2497 894 2617 Cleonymi
913 2499 1037 2564 deinde
1053 2497 1163 2588 Spar·-

35 2602 111 2669 tani
138 2627 193 2669 res
217 2617 333 2693 gestae
359 2601 532 2692 Corcyrae
553 2616 586 2669 et
606 2602 747 2691 Illyrico
768 2616 802 2668 et
822 2602 859 2672 itt
879 2601 993 2669 ltalia:
1017 2601 1073 2668 cui
1095 2602 1165 2670 ab·

35 2711 108 2776 lata
130 2705 292 2801 Corcyra,
318 2731 384 2774 rex
405 2703 626 2824 Cassander
615 2705 759 2772 interiit.

234 3029 239 3046 x
296 2945 558 3040 Ριιοιοιιιι
600 2941 748 3012 Lesas
790 2944 904 3016 XVI.
1001 3028 1005 3036 ¹

70 3137 92 3156 ¹
125 3119 367 3196 sextodecimo
388 3118 562 3188 volumine
584 3117 914 3186 continentur¹haec
956 3117 1006 3188 Ut
1026 3121 1162 3186 mortno

34 3223 241 3306 Cassandro,
265 3223 417 3312 ortisque
438 3224 529 3290 inter
550 3221 639 3290 lilios
663 3222 734 3290 eius
757 3221 1009 3305 certaminibus,
1031 3221 1163 3290 Deme·-

33 3328 126 3398 trius
148 3329 285 3396 adiutor
307 3327 406 3394 alteri
427 3327 626 3410 adbibitus,
637 3324 750 3393 occiso
771 3347 831 3406 eo,
860 3324 1079 3394 Macedoniae
1101 3348 1164 3392 rs·-

34 3456 146 3522 gnum
170 3431 297 3498 tenuit:
340 3455 409 3520 quo
437 3454 522 3500 mox
550 3431 676 3497 eiectus
708 3453 727 3494 a
761 3428 897 3516 Pyrrho
935 3429 1032 3516 Epiri
1069 3451 1162 3516 rege,

32 3530 242 3601 translatis
231 3559 267 3602 ιιι
287 3536 409 3604 Asiam
429 3535 547 3625 bellis,
570 3547 686 3624 captus
709 3555 728 3598 a
750 3533 894 3600 Seleuco
914 3531 1069 3600 decessit.
1114 3530 1163 3601 Ut

32 3640 271 3721 Ptolemaeus,
298 3653 492 3728 nuncupato
515 3659 708 3705 successore
729 3634 801 3702 filio
824 3635 1065 3724 Philadelpho,
1096 3637 1165 3702 de·-

34 3741 168 3810 cessit.
195 3739 246 3809 Ut
268 3741 521 3832 Lysimachus
509 3766 547 3808 ιιι
568 3742 679 3810 Ροιιιο
710 3753 827 3828 captus
859 3763 897 3806 ac
925 3739 1098 3806 dimissus·
1112 3752 1165 3804 est

35 3848 82 3914 ab
110 3844 371 3912 Dromichaete:
400 3869 518 3914 rursus
538 3845 575 3912 in
597 3843 683 3912 Asia
703 3843 821 3910 civitat
810 3867 869 3926 es,
894 3867 981 3934 quae
992 3845 1066 3910 sub
1087 3841 1215 3906 De·-

34 3948 165 4018 metrio
187 3946 334 4032 fuerant,
357 3964 391 4015 et
409 3950 445 4018 iu
467 3951 577 4018 Ponto
595 3927 793 4014 Heracleam
811 3947 1003 4066 occuparit.
1044 3945 1165 4032 Repe-

35 4055 122 4120 titae
143 4053 223 4118 inde
237 4051 423 4146 Bithyniae
442 4067 476 4120 et
490 4051 745 4118 Heracleoticae
768 4051 937 4148 origines:
958 4045 1163 4140 tyrannique

36 4157 226 4224 Heracleae
249 4156 450 4240 Clearchus,
479 4171 513 4228 et
536 4156 620 4246 Saty
623 4177 697 4238 rus
726 4169 759 4222 et
782 4145 991 4245 Dionysium
1020 4173 1164 4244 quorem

39 4261 121 4330 filiis
145 4239 316 4334 interlecti
318 4286 345 4348 s,
364 4261 591 4362 Lysimachus
613 4248 795 4350 occuparit
816 4259 943 4328 urbem.

1238 3507 1378 4054 l

1339 4182 1372 4583 t
