2708 4858
219 283 296 356 190
424 245 425 254 ¹
525 303 880 364 unsarai

195 477 212 533 1
308 464 401 534 Car.
429 491 478 533 vr.
522 463 654 532 Interea
673 465 848 549 Brennus,
871 487 945 554 ,quo
973 463 1059 533 dnos
1081 449 1194 553 portio
1214 463 1330 533 Gallo-

224 569 366 638 rum.in
396 567 572 636 Graeciam
604 571 640 636 s'e
669 569 849 650 elluderat,
879 555 993 634 audita
1019 568 1165 634 victoria
1192 591 1331 650 suornm,

227 674 285 762 qui
318 672 437 762 Belgio
469 674 554 758 dupe
590 673 791 750 Macedonas
824 672 993 752 vicerant,
1024 671 1216 758 indignatus
1241 687 1332 759 parta

223 776 369 845 victoria
397 775 544 864 opimam
572 778 751 865 praedam,
788 789 821 840 et
850 767 1007 842 Orientis¹
1032 773 1152 862 spoliis
1178 789 1331 854 onustam,

223 889 295 972 tam
323 877 421 948 laeils
450 879 601 946 relintam
632 901 722 958 esso,
750 879 824 968 ipss
844 876 997 944 adunatis
1016 893 1151 942 centum
1172 876 1331 964 qninqua-

227 981 319 1069 ginta
353 981 501 1051 millibus
532 982 703 1070 peditum,
732 995 766 1048 st
791 980 987 1070 ‚quindecim
1008 977 1158 1046 millibus
1182 979 1329 1066 equitum,

181 1093 215 1162 =2
226 1084 263 1150 in
286 1083 515 1152 Macedoniam
544 1085 718 1172 inrumpit.
761 1085 845 1152 Cum
873 1105 972 1174 agros
1001 1083 1168 1177 villasque
1197 1085 1331 1171 popula-

226 1201 336 1269 retur,
379 1189 528 1254 ooourrit
564 1189 596 1254 ei
630 1211 704 1254 eum
736 1189 902 1257 instruoto
938 1185 1093 1252 exereitu
1123 1185 1332 1250 Macedonum

145 1329 148 1340 ·
227 1293 425 1363 Sosthenss:
468 1291 527 1356 sed
556 1290 654 1378 pauci
683 1315 705 1356 a
741 1291 909 1380 pluribus,
943 1287 1067 1379 trepidi
1104 1311 1123 1352 a
1154 1290 1332 1354 valentibus

196 1392 326 1460 dfaoile
354 1394 517 1460 visuntur.
567 1393 684 1480 ltaque
721 1417 797 1460 aum
828 1392 918 1458 vieti·
947 1415 983 1458 ss
1020 1391 1223 1480 llaoedones
1254 1392 1331 1458 intra

226 1519 339 1564 muros
361 1496 494 1562 urbium
516 1497 763 1577 condidissent,
784 1495 895 1564 viator
917 1495 1079 1574 Brennus,
1103 1495 1246 1560 nemine
1260 1517 1333 1584 pro·

196 1600 377 1682 thibente,
393 1597 496 1664 totius
512 1599 727 1680 Macedoniae
748 1599 847 1688 agros
867 1599 1102 1688 depraedatur.
1140 1597 1228 1664 lade
1246 1598 1331 1686 quasi

224 1715 359 1768 terrena
395 1703 462 1768 iam
493 1702 601 1790 spolia
631 1701 825 1784 sorderent,
857 1703 1002 1768 animum
1031 1702 1073 1766 ad
1095 1699 1245 1768 Deorum
1274 1704 1334 1768 im-

226 1805 419 1872 mortalium
442 1807 566 1891 templa
589 1805 773 1884 conver-tim
800 1806 985 1872 scurriliter
1007 1804 1158 1886 iooatns,
1178 1807 1332 1889 loeuple-

123 1989 126 1996 ,
199 1919 284 1976 stes
318 1910 417 1974 Deos
449 1909 578 1994 largiri
617 1909 817 1986 dominibus
850 1926 1028 1996 oportere.
1083 1907 1207 1974 Statim
1240 1907 1333 1997 igitur

227 2007 473 2098 Delphos'iter
501 2009 621 2092 vertit,
657 2013 814 2100 praedam
844 2012 1017 2097 religioni,
1052 2035 1169 2078 aurum
1198 2011 1332 2078 offensae

227 2115 379 2182 Deorum
420 2113 668 2193 immortalium¹
693 2115 903 2202 praesensum
956 2138 1044 2202 quos
1071 2118 1189 2180 ‘trullis
1224 2118 1333 2204 opibus

230 2239 352 2305 egere,
382 2233 423 2278 uc
448 2219 512 2302 qui
525 2227 593 2312 'eos
614 2220 743 2303 largiri
768 2219 1148 2294 dominibussoleont,
1184 2217 1333 2282 adfirma-

99 2359 101 2368 ·
196 2323 297 2386 ebat.
343 2319 524 2408 Templum
553 2319 864 2408 autem.Apollinis
892 2319 1033 2408 Delphis
1067 2320 1215 2410 positum
1238 2322 1333 2384 estin

227 2437 341 2491 monte
364 2423 529 2502 Parnaso,
557 2423 593 2488 in
615 2445 699 2510 rupe
722 2424 869 2512 undique
891 2423 1124 2510 impendente:
1147 2424 1197 2490 ibi
1217 2415 1331 2489 ¹civita-

228 2540 297 2592 tem
333 2524 524 2612 l'rsquentia
557 2527 729 2594 hominum
765 2526 861 2608 lenit,
897 2526 956 2614 qui
991 2527 1035 2592 ad
1077 2525 1331 2592 adfirmationen

228 2627 410 2716 maiestatis
441 2627 587 2716 undique
613 2644 865 2710 concurrentes,
901 2630 937 2694 in
967 2649 1008 2696 eo
1037 2631 1331 2696 saxo'consedere.

197 2735 343 2818 lAtque
365 2731 409 2795 ita
431 2737 591 2818 templum
614 2748 646 2798 et
670 2733 840 2800 civitatem
863 2754 934 2800 noo·
950 2734 1056 2815 muri,
1088 2735 1148 2800 sed
1173 2731 1333 2821 praeeipi-

185 2892 188 2903 .
229 2835 295 2916 tia;
331 2857 392 2900 nec
413 2858 512 2900 manu
541 2835 647 2916 lacta,
679 2837 738 2900 sed
760 2834 924 2900 naturalia
948 2835 1115 2923 praesidia
1135 2838 1329 2902 del'endunt:

228 2959 368 3026 prorsus
396 2951 430 3002 ut
463 2936 626 3002 incertum
663 2937 722 3018 sit,
758 2952 868 3004 utrum
909 2939 1152 3024 munimentum
1181 2938 1266 3019 loci,
1300 2963 1333 3002 an

199 3043 387 3108 ematessas
417 3039 480 3104 Dei
508 3044 583 3130 plus
612 3040 665 3106 bic
693 3041 923 3107 admirationis
955 3044 1084 3107 habeat.
1130 3041 1243 3107 Media
1270 3042 1335 3106 saxi

219 3167 330 3234 vrupes
362 3143 396 3208 in
427 3143 568 3210 l'orruam
591 3145 713 3212 theatri
733 3151 879 3210 recessit.
925 3146 1152 3230 Quamobrem
1176 3160 1209 3210 et
1233 3148 1334 3212 bomi-

230 3268 308 3312 num
337 3251 478 3326 clamor,
509 3261 540 3312 et
570 3247 597 3312 si
620 3249 756 3337 quando
772 3248 915 3330 ,arcessit
937 3252 1091 3314 tubarum
1112 3270 1234 3329 sonus,
1262 3273 1332 3337 per-

232 3352 427 3415 sonantibus
456 3363 496 3414 et¹
515 3353 795 3438 respondentibus
817 3351 911 3418 inter¹
924 3375 959 3416 se
978 3354 1138 3439 rupibus,
1169 3353 1335 3440 multiplex

231 3451 356 3531 audiri,
389 3454 597 3540 atripliorque
624 3477 721 3540 quam
753 3455 881 3536 editur,
917 3475 1076 3519 resonare
1111 3459 1206 3520 solet.
1251 3459 1334 3539 lQluae

229 3577 285 3620 res
317 3555 474 3620 saniorem
498 3556 677 3622 usaiestatis
704 3571 868 3624 terrorem
899 3556 1030 3646 ignaris
1067 3558 1136 3636 rei,
1178 3571 1212 3622 et
1234 3561 1335 3624 adsui·

198 3661 218 3722 9
235 3654 363 3721 ratione
384 3661 594 3745 stupentibus
615 3663 810 3748 plerumque
824 3661 943 3726 adlert.
967 3659 1007 3725 ln
1026 3661 1090 3738 hoe
1111 3661 1206 3748 rupis
1224 3663 1335 3726 anfra-

230 3774 295 3840 ctu,
324 3759 432 3824 media
460 3762 565 3828 l'srme
595 3763 718 3834 montis
739 3763 933 3845 altitudine,
959 3763 1116 3860 planities
1138 3763 1262 3852 exigua
1285 3779 1334 3845 est,

233 3877 332 3950 atque
355 3856 392 3927 in
415 3887 454 3930 ea
474 3866 678 3952 profundum
700 3880 812 3934 terrae
833 3865 1007 3950 toramen,
1034 3867 1125 3956 quod
1151 3867 1189 3935 in
1211 3871 1336 3938 oranda

564 4063 565 4068 =
584 4044 655 4087 ott.
676 4045 766 4090 ntor.
788 4043 910 4088 enarr.
962 4104 965 4117 ι

653 4135 818 4160 ......·.’...

190 4234 191 4242 1
275 4190 353 4258 Car.
385 4211 434 4259 vt.
462 4193 487 4277 §-
511 4202 541 4258 10
582 4197 723 4259 Maced
733 4170 825 4260 obes.
839 4196 978 4265 uicerant.

463 4299 488 4380 l.
510 4303 540 4362 8.
582 4317 609 4360 et
631 4302 1137 4390 admirationemststpentibus.
