2702 4852
211 291 262 366 86
406 315 1064 400 ansrru.a1er.u1s.1x.car.
1092 313 1127 369 o.

100 535 103 544 .
143 461 200 544 '10
211 473 304 546 Inter
323 477 407 548 baec
429 476 623 568 eloquentia
643 477 803 568 insignis,
836 477 947 546 oratio
969 475 1188 546 acuminis¹et
1211 477 1326 544 soller-

210 580 278 646 tiae
299 583 418 670 plena3
454 599 492 650 ut
511 607 574 650 nec
590 581 731 648 ornatui
752 579 915 665 facilitas,
944 603 1006 646 nec
1027 579 1187 646 facilitati
1209 579 1328 646 inven-

122 693 125 706 '
163 684 345 752 lttionum
374 686 507 755 deesset
534 699 681 752 ornatus.
723 679 813 751 Huic
834 685 1037 764 Alexander
1064 683 1155 750 filius
1177 683 1329 748 successit

62 839 63 842 ,
163 799 248 854 12et
274 789 402 863 virtute
431 805 464 856 et
486 791 581 862 vitiis
609 803 706 880 patre
727 788 845 856 maior.
890 787 1063 872 Vincendi
1090 786 1181 852 ratio
1204 788 1329 873 utrique

214 893 378 972 diversa,
401 894 468 960 Hic
490 909 608 982 aperta
632 893 685 974 vi,
712 893 771 958 ille
795 891 923 958 artibus
945 891 1037 960 bella
1056 891 1234 958 tractabat.
1263 890 1329 956 De-

166 997 324 1084 ttceptia
351 997 410 1064 ille
437 997 586 1086 gandera
614 995 788 1078 hostibus,
825 994 881 1061 hic
897 993 1019 1081 ¹palam
1047 993 1142 1060 fusis.
1182 993 1329 1099 l’ruden-

167 1099 284 1166 14tior
308 1101 367 1166 ille
394 1101 555 1184 consilio,
590 1101 645 1168 hic
667 1100 779 1166 animo
808 1097 1088 1188 magnificentior.
1131 1097 1221 1163 Iram
1244 1112 1329 1184 pater

39 1269 41 1278 ,
129 1257 131 1260 .
214 1203 443 1284 dissimulare,
466 1207 665 1294 plerumque
687 1203 788 1269 etiam
807 1201 964 1276 vincere:
985 1203 1041 1271 hic
1063 1201 1123 1266 ubi
1146 1203 1329 1285 exarsisset,

165 1311 277 1373 15nec
306 1307 425 1376 dilatio
453 1307 610 1389 ultionis,
644 1329 708 1374 nec
735 1305 857 1373 modus
880 1319 962 1372 erat.
1005 1305 1090 1372 Vini
1119 1304 1221 1372 nimis
1245 1320 1331 1372 uter-

216 1433 282 1498 que
304 1411 444 1477 avidus:
474 1411 535 1476 sed
563 1409 735 1476 ebrietatis
764 1411 903 1477 diversa
923 1409 1018 1478 vitia.
1062 1409 1164 1476 Pater
1189 1410 1234 1474 de
1251 1415 1331 1478 'con-

216 1513 313 1581 vivio
339 1513 375 1578 in
401 1515 535 1580 hostem
563 1535 782 1602 procurrere,
811 1537 948 1580 manum
977 1523 1175 1594 conserere,
1203 1514 1331 1600 pericu-

217 1615 260 1681 lis
283 1641 319 1682 se
338 1630 468 1682 temere
491 1616 632 1684 offerre:
668 1618 872 1684 Alexander
892 1607 962 1684 non
982 1615 1021 1682 in
1041 1617 1193 1694 hostem,
1225 1619 1332 1684 sedin

169 1730 297 1786 tfieuos
326 1719 468 1802 saevire.
517 1716 747 1804 Qbamobrem
775 1719 970 1809 Philippum
998 1741 1098 1807 saepe
1126 1722 1332 1787 vulneratum

218 1823 349 1912 praelia
369 1825 549 1890 remisere:
577 1825 634 1890 hic
657 1824 842 1890 amicorum
862 1823 1064 1890 interfector
1085 1823 1249 1906 convivio
1268 1825 1333 1891 fre-

169 1935 207 1992 17
221 1929 364 2014 que'nter
387 1927 544 2020 excessit.
586 1925 743 2014 Regnare
772 1927 833 1994 ille
862 1947 938 1994 cum
959 1925 1077 1992 amicis
1100 1929 1261 2012 volebat,
1287 1931 1332 1995 hic

218 2029 257 2095 in
279 2031 403 2104 amicos
424 2055 530 2119 regna
552 2031 743 2096 exercebat.
784 2031 909 2096 Amari
930 2045 1028 2118 pater
1049 2033 1167 2114 malle,
1187 2031 1246 2099 hic
1267 2058 1334 2099 me-

89 2192 92 2198 .
168 2133 280 2200 remi.
322 2135 530 2222 Litterarum
559 2136 667 2198 cultus
695 2133 830 2222 utrique
848 2134 988 2201 similis.
1038 2135 1220 2202 Sollertiae
1249 2152 1334 2226 pater

134 2269 138 2277 ·
172 2236 379 2320 19mainris‚
411 2237 468 2304 hic
488 2235 580 2304 fidei.
623 2235 752 2302 Verbi‘a
779 2253 881 2324 atque
903 2237 1057 2304 oratione
1076 2239 1268 2327 Philippus,
1288 2243 1334 2308 bic

168 2342 329 2438 20‘rebus
347 2339 565 2408 moderatior.
606 2339 773 2405 Parcendi
802 2340 902 2435 victis
924 2340 995 2427 filio
1018 2343 1148 2411 animus
1169 2357 1204 2411 et
1224 2367 1333 2434 prom-

179 2513 180 2520 *
219 2443 289 2530 tior
317 2459 352 2510 et
377 2443 566 2524 honestior}
603 2441 662 2509 illa
683 2467 746 2509 nec
769 2445 870 2516 sociis
894 2445 1094 2512 abstinebat.
1136 2447 1333 2538 Frugalitati

141 2547 208 2614 '21
221 2561 336 2636 pater,
370 2546 527 2612 luxuriae
555 2544 645 2611 filius
674 2547 782 2636 magis
819 2549 956 2616 deditus
977 2563 1058 2637 erat.
1104 2547 1238 2634 Quibus
1259 2554 1335 2619 arti-

204 2653 285 2738 bus
313 2650 408 2717 orbis
436 2649 574 2740 imperii
600 2649 820 2718 fundamenta
846 2665 946 2742 pater
971 2652 1068 2736 iecit,
1095 2654 1221 2742 operia
1242 2657 1334 2724 totius

222 2753 368 2844 gloriam
387 2753 477 2822 filius
498 2755 764 2834 consummavit}

575 2970 648 3016 ortt.
669 2973 760 3016 nucu.
784 2969 911 3018 ouant.

121 3194 123 3202 ’
183 3200 360 3267 Certum.
391 3197 416 3280 i.
438 3204 489 3262 10.
518 3221 572 3260 nec
590 3193 748 3284 facilitati
781 3199 975 3277 inventio,
1011 3225 1080 3266 nec
1113 3206 1260 3266 inven-

181 3305 182 3311 '
519 3299 827 3364 tionibus'clecsset
848 3321 982 3375 ornatus·

387 3421 412 3502 l.
438 3429 488 3486 12.
520 3417 584 3488 Hic
606 3439 754 3507 operte,
789 3421 845 3486 ille
867 3427 989 3488 artibus.

386 3545 411 3626 l.
437 3548 493 3636 14.Ὶ
510 3551 627 3611 vincere
634 3573 646 3628 ‚·
676 3547 763 3614 huic
784 3547 835 3611 ubi
856 3551 1031 3613 exarsisset..
