2740 4854
205 263 1019 372 nnrecorrour.sorrur.srrucr.'
1058 312 1205 368 mutu
1303 289 1310 308 ''
1362 257 1363 288 ᾗ

23 463 113 570 egisse
127 459 252 542 modo,
275 459 341 528 sed.
356 482 480 528 nomen
499 481 654 553 qnoque,
682 461 775 554 quod
795 473 830 530 et
851 460 942 615 apud
962 459 1129 540 lustinum
1148 437 1207 532 ls-'
1277 523 1280 530 .

22 571 123 636 pinus,
148 571 194 612 ex
218 545 330 620 Adria
351 547 436 614 urbe
456 548 653 636 repetiisse,
682 548 778 619 testis
802 561 852 612 est
889 547 1052 632 'trabo*).
1102 549 1206 634 Quod
1242 580 1245 588 ·

22 635 52 698 ad
68 631 207 700 Romam
229 632 366 714 attinet,
389 635 491 698 s'emel
512 647 640 702 tantum
662 633 762 700 huius
783 633 878 698 urhis
899 633 991 719 apud
1002 631 1101 702 Theo
1127 657 1206 701 om-

21 743 80 807 pum
99 719 305 808 mentionem
331 717 488 786 iniectam
507 741 598 796 esse,
631 743 707 788 oum
734 715 777 786 de
800 718 975 786 Gallorum
1004 658 1206 808 expeditio·-

21 805 99 869 u'bus
125 805 343 893 loqueretur,
373 803 475 872 docui
503 827 550 872 ex
582 803 713 896 Plinios
744 827 807 870 uec
827 806 969 873 multum
998 806 1096 872 abest
1122 805 1207 895 quin

21 891 91 956 hunc
110 889 224 974 ipsum
244 891 355 960 tooun
377 885 498 956 Latius
517 889 618 962 uobis
652 887 823 956 alustiuo
841 901 1012 960 servatum
1040 911 1115 957 sess
1136 911 1208 978 pu·
1273 935 1275 942 ·

22 987 86 1054 tem,
117 973 174 1040 ita'
195 973 287 1042 enirn
315 995 456 1062 prorsus
488 989 525 1042 ut
552 975 683 1042 Plinius
705 988 823 1046 auctor
852 986 922 1058 est,
960 975 1066 1046 semel
1086 975 1207 1044 urbem

20 1058 142 1126 Romam
164 1059 201 1128 iu
220 1061 284 1128 hac
305 1061 500 1130 narratione
524 1075 822 1130 commemoratam
835 1057 1006 1129 ,invenies
1105 1068 1109 1076 ’

544 1215 570 1300 t.
591 1227 645 1284 20.

86 1319 187 1385 Plura
220 1319 357 1410 quidem
384 1341 459 1388 esse
485 1317 522 1386 iu
551 1319 605 1384 his
634 1340 721 1408 quae
748 1319 793 1408 ad
822 1318 1034 1386 coniecturas
1054 1318 1209 1405 redeant,

20 1415 72 1470 uon'
96 1405 260 1487 diffiteor3
294 1417 441 1479 attamen
477 1404 634 1476 omnihus
674 1404 806 1472 collatis
838 1404 919 1472 satis
947 1403 1033 1472 mihi
1062 1406 1210 1474 demon·-

21 1505 123 1554 strasse
145 1493 283 1574 videor,
304 1511 468 1558 summam
489 1489 706 1578 Theopompi
727 1491 817 1580 apud
834 1489 991 1576 Trogum
1008 1487 1210 1581 Pompeium

19 1575 46 1640 in
61 1577 158 1641 rebus
181 1573 530 1664 Carthaginiensium,
552 1575 760 1658 Siculorum,
784 1591 819 1642 et
839 1575 1003 1646 Italorum
1024 1597 1210 1666 exponen·-

20 1662 59 1726 dis
87 1659 190 1729 fuisse
219 1661 463 1730 auctoritatem.
519 1661 636 1750 Neque
665 1676 779 1746 tamen
808 1663 917 1728 solum
946 1659 1211 1771 Theopompum
1234 1667 1236 1678 '

21 1769 79 1811 eum
102 1749 329 1830 consuluisse,
351 1747 436 1814 inde.
455 1761 612 1834 apparet,
636 1747 727 1836 quod
750 1749 1044 1838 Syracusanorum
1061 1763 1096 1814 et
1119 1751 1211 1816 har-

18 1831 260 1917 thaginiensium
282 1829 459 1900 historiam
482 1833 570 1897 ultra
593 1857 631 1898 ea
655 1845 826 1920 tempora,
855 1855 941 1921 quae
961 1831 1211 1923 Theopompus

18 1917 47 1982 in
65 1917 213 1984 historiis
234 1918 305 1986 suis
329 1917 651 2006 comprehenderet,
682 1917 852 2006 usquead
873 1917 1075 2004 Agathoclis
1097 1919 1211 1986 inter*-

17 2003 85 2068 itum
103 2001 325 2073 continuavit.
376 2003 472 2086 (luae
496 2001 619 2090 itaque,
642 2005 730 2091 apud
754 2002 918 2069 lustinum
939 2001 1020 2070 inde
1045 2003 1088 2068 ab
1109 2003 1210 2072 initio

17 2087 183 2186 ttuxxl.
206 2089 367 2180 legimus,
390 2110 459 2154 uon
484 2087 627 2176 amptius
652 2111 698 2154 ex
721 2086 964 2178 Theopompo,‘
989 2089 1051 2156 sed
1069 2089 1210 2170 ¹aliunde

18 2187 104 2261 petita
127 2197 218 2256 esse,
239 2198 303 2264 per
326 2197 363 2240 se
384 2187 486 2263 patet.

84 2275 282 2343 Destinavit
297 2289 406 2356 autem
418 2275 618 2364 Agathoclis
633 2275 798 2344 historiae
813 2277 898 2343 duos
913 2275 986 2342 sere
998 2276 1211 2366 integrosvli-
1302 2333 1304 2339 .

19 2363 92 2444 hros,
114 2361 233 2430 XXll.
256 2377 290 2428 et
310 2360 457 2440 XX111.;
487 2360 765 2446 copiosiorenim
787 2362 823 2428 in
844 2386 884 2428 ea
901 2365 1090 2451 enarranda
1106 2362 1217 2450 fuisso

19 2449 147 2530 videtur,
170 2443 262 2538 quod
277 2447 320 2512 ad
342 2449 503 2514 lectorem
519 2449 753 2514 ‹teteesanonm
774 2472 812 2513 ac
826 2446 977 2514 suaviter
990 2447 1211 2516 detinendum

20 2534 206 2622 amplissima
226 2532 400 2622 praesidia
422 2530 622 2598 contineret.
665 2531 829 2598 lustinum
851 2555 936 2598 vero
964 2533 995 2600 si
1021 2556 1097 2600 cum
1120 2531 1212 2602 Dio-

19 2621 99 2697 doro,
121 2641 222 2708 quem
244 2616 433 2708 principem
455 2617 490 2682 in
513 2617 716 2704 Agathoclis
745 2618 895 2699 historia'
913 2621 1024 2684 locum
1054 2615 1211 2688 obtinere

19 2727 101 2772 nemo
129 2707 287 2792 ignoiat,
331 2701 609 2780 contuleris,.in
631 2702 746 2768 multis
769 2726 826 2770 eos
857 2727 934 2770 ass
955 2703 1146 2786 discedere,
1173 2703 1211 2770 iu
1247 2727 1250 2736 ·

18 2791 78 2856 aliis
98 2805 224 2856 tamen
251 2789 342 2856 iuter
371 2813 408 2856 se
438 2785 628 2854 convenire·
653 2789 896 2876 deprehendes.
947 2787 1064 2877 Neque
1097 2801 1212 2858 tamen

17 2875 86 2942 haec
105 2875 321 2944 mirationem
348 2873 483 2951 facient,
501 2873 691 2940 dummodo
711 2897 796 2962 quos
813 2888 961 2962 *uterque
975 2887 1130 2942 auctores
1152 2897 1212 2941 ss·-

18 2975 97 3026 cutus
120 2961 179 3039 sit,
200 2957 429 3049 perspexeris.
474 2959 718 3048 Syracusarum
741 2959 927 3046 historiam,
949 2957 1103 3046 inprimis
1125 2981 1211 3030 vero
1236 2972 1238 2984 ¹

17 3046 203 3131 Agathoclis
224 3069 280 3113 res
303 3059 424 3134 gestas,
447 3069 466 3112 a
489 3045 620 3118 duobus
636 3044 784 3110 maxime
799 3045 950 3112 eiusdem
966 3044 1043 3130 aevi
1059 3045 1213 3136 scripto-

17 3132 97 3198 ribus
118 3131 292 3218 expositas
322 3153 396 3198 esse
425 3130 600 3208 novimus,
630 3153 648 3194 a
684 3131 831 3194 Timaeo
862 3130 895 3196 in
918 3135 1103 3214 Σωιελικοῖς,
1132 3147 1212 3199 octo

17 3217 100 3282 libris
122 3217 311 3316 antiquiora
332 3237 467 3314 quoque
485 3214 678 3302 complexis
687 3218 765 3296 li),
803 3231 943 3305 atquea
969 3215 1212 3284 Callinsius-

19 3303 83 3367 dem
111 3316 227 3369 aetatis
261 3305 416 3381 homine,
442 3301 513 3390 'qui
542 3303 633 3366 solas
659 3301 861 3388 Agathoclis
901 3325 955 3368 res
978 3315 1096 3389 gestas
1171 3326 1241 3369 r-¹

17 3389 192 3477 scripserat.
235 3387 381 3455 Mirifice
401 3403 513 3453 tamen
535 3385 573 3452 hi
593 3387 661 3454 duo
684 3386 774 3452 iuter
795 3410 833 3453 ss
848 3385 1096 3456 dissenserunt.
1126 3325 1212 3456 hit-
1345 3391 1347 3400 ’

17 3526 203 3546 ——-

49 3600 74 3688 2)
99 3591 195 3662 Strad.
216 3628 287 3688 pag.
304 3607 376 3664 488.
408 3600 460 3664 ult
476 3623 532 3686 pro
551 3599 692 3685 ποταμοῦ
710 3596 867 3686 legendum
887 3625 948 3664 esse
974 3599 1090 3692 rediture
1110 3615 1213 3663 anno-⁴
1302 3621 1305 3637 '

86 3691 159 3748 tavit
178 3689 241 3750 iam
265 3689 468 3754 Cosnnhonus.
607 3701 619 3716 ”

52 3806 92 3895 **)
126 3809 198 3872 Vult
229 3796 357 3882 Vossius
391 3812 427 3874 de
455 3811 555 3876 Hirr..
571 3809 679 3876 Graec.
706 3834 779 3893 pag.
811 3815 862 3875 st.
888 3810 946 3872 duc
974 3807 1094 3874 Teneat
1112 3833 1214 3894 ,opera
1268 3837 1274 3858 ¹

92 3892 303 4046 latussim,
338 3895 464 3960 alterum
485 3895 630 3960 Σικελικαὶ
658 3897 710 3962 stol
729 3892 879 3972 Ἰταλικὴ
914 3895 1038 3958 alterum
1068 3894 1214 3964 Esttlttlti

90 3981 166 4046 καῖ’
195 3981 322 4064 'dluctari
351 3987 533 4066 inscriptum.
589 3982 650 4044 sed
668 3979 797 4069 ¹fulsum
828 3986 944 4058 eumin
975 3983 1114 4052 luccesse
1139 3984 1216 4047 mitt

102 4070 215 4154 quidem
232 4096 407 4156 persuasum
429 4087 481 4131 est.
528 4067 663 4131 Cituntur
684 4073 759 4130 enim
776 4065 950 4154 plerumque
964 4068 1045 4145 opud
1057 4067 1215 4152 scriptores

101 4159 225 4220 omniuo*
239 4157 358 4222 timaei
380 4152 493 4219 Sicut
502 4180 530 4232 o,
557 4158 588 4215 in
610 4158 824 4240 polluctorum
834 4151 932 4229 ,simul
949 4153 986 4215 de'
997 4156 1081 4217 rebus
1095 4153 1214 4220 Italicis

99 4257 127 4300 et
149 4241 267 4307 Graecis
291 4242 376 4329 loqui
397 4260 424 4304 et
441 4245 539 4324 potuit
559 4257 586 4310 et
601 4241 715 4318 debuit,
745 4259 875 4306 crement
895 4238 1023 4304 obsculis
1036 4259 1137 4326 gentes
1156 4243 1213 4306 hoe

97 4346 186 4390 essent
204 4335 386 4428 coniunctae.
405 4365 451 4380 -··
471 4329 520 4390 De
543 4324 645 4392 Callia
665 4331 709 4413 tf
735 4327 767 4389 V
767 4352 829 4420 oss,
847 4325 872 4390 l.
894 4351 920 4391 c.
930 4352 1012 4476 pag.
1034 4334 1100 4394 cs..

947 4549 963 4594 l¹
