2740 4854
787 249 791 266 ,
901 223 907 256 t

260 310 311 356 ne
337 303 593 359 inanimamur
615 301 753 363 nourr.
777 309 825 360 ar
849 297 957 364 auoit.
1063 299 1209 363 mxvii

23 455 188 539 sitnaohum
201 451 394 558 prodidisse
410 457 535 536 dieitur
546 453 591 554 ⁸).
623 467 884 558 *Hieronymum
902 468 992 538 buno
1010 457 1090 540 bum'
1107 469 1211 540 Anas

22 559 141 626 ximene
169 566 253 646 pr'ae
280 557 401 623 ceteris
430 569 562 622 secutus
592 571 643 622 est
670 555 860 639 Diodorus,
924 571 977 624 ost
998 559 1212 646 reliquorum

23 645 131 710 cladem
154 641 223 708 iam
245 643 358 744 primo
378 644 455 708 toea
476 643 664 729 ponendus.
707 640 803 725 Quae
826 583 921 734 sputi
934 643 1212 732 Iuttinttrn'legi-

22 753 81 795 nus
100 731 135 794 in
158 731 273 794 multis
298 727 433 816 quidem
456 727 662 794 conveniunt
683 749 758 793 otim
779 727 953 810 Diodor03
987 745 1108 797 verum
1124 728 1212 797 ‘otte'-

23 816 87 880 nino
114 815 150 879 in
178 815 231 880 his
258 813 356 879 libris
385 814 471 880 adeo
498 815 724 904 negligentem
745 837 781 880 se
808 816 963 903 praebuit
983 816 1146 896 Iustinus,
1175 815 1211 912 (a

23 901 124 988 Trogo
153 900 319 990 Pompeio
348 897 440 964 enim
469 899 662 986 diligentius
683 901 766 966 baeu
789 901 945 990 exposita
972 900 1102 984 fuisse,
1134 921 1211 988 qttts
1263 912 1265 924 “
1356 918 1358 927 “

24 987 180 1072 dubitate)
213 1001 250 1054 ut
280 995 313 1050 et
342 1007 476 1059 omnem
503 1009 618 1052 rerunt
641 999 675 1063 et
695 999 885 1074 temporum
908 987 1064 1064 ordinem
1085 989 1211 1068 turbet,

23 1097 52 1137 aa
70 1073 189 1154 multa,
215 1095 303 1160 quae
325 1070 463 1138 omnino
485 1071 781 1137 commemoranda
801 1072 959 1152 fuissent,
981 1075 1082 1162 plane
1104 1073 1213 1136 silen-

23 1159 60 1223 tio
78 1170 280 1244 praetereat,
316 1172 353 1222 ut
374 1158 512 1222 omnino
536 1176 603 1224 nott
624 1157 820 1238 historiam,
857 1158 917 1223 sed
938 1158 1103 1224 historiae
1123 1155 1213 1222 laoiss·

23 1245 82 1310 nias
101 1245 236 1333 potius,
256 1245 343 1308 male
359 1243 450 1308 inter
469 1265 505 1308 ss
526 1241 713 1323 consertas,
734 1239 834 1308 nobis
857 1243 1029 1309 exhibeat.
1070 1243 1213 1312 Constat

22 1354 47 1396 r.
66 1353 90 1394 e.
113 1354 158 1395 ex
181 1329 354 1410 Diodoro,
378 1329 430 1416 (ut
445 1350 513 1396 uno
530 1331 689 1414 exemplo
703 1327 893 1416 defungan)
914 1329 1115 1409 Eumenem,
1135 1351 1213 1396 eum

23 1417 164 1482 exNora
186 1437 264 1480 aree
285 1417 321 1480 iu
347 1413 578 1502 Cappadocia,
615 1413 676 1478 ubi
698 1413 739 1492 ab
760 1414 928 1504 Antigoni
949 1413 1090 1480 ducibus
1113 1415 1212 1480 obsi-
1254 1471 1256 1488 ,

23 1503 167 1582 debatur,
204 1503 285 1567 dolo
308 1501 439 1588 elapsus
468 1513 571 1584 esset,
609 1500 851 1598 imperatorem
876 1499 965 1586 regii
993 1500 1164 1566 exercitus
1192 1523 1214 1567 a

23 1587 298 1678 Polysperehonte
319 1585 555 1666 constitutum,
592 1585 970 1664 belh-molem'contra
996 1585 1213 1673 Antigonum

21 1673 148 1762 primum
172 1673 208 1738 in
227 1663 313 1738 Asia
333 1671 501 1752 inferiori,
523 1691 606 1736 mox
625 1671 660 1736 in
680 1669 849 1758 superiori
869 1691 932 1758 per
948 1672 1130 1738 triennium
1149 1695 1214 1738 su-

21 1759 181 1840 stinuisse,
203 1759 313 1824 donee
332 1755 366 1822 in
388 1757 503 1822 Persia
525 1769 601 1842 post
623 1757 762 1822 alteram
783 1779 929 1843 pugnam
949 1757 1213 1846 Argyraspida-

20 1869 80 1910 rum
101 1844 298 1932 proditione
320 1843 355 1908 in
376 1841 510 1908 vincula
533 1841 720 1921 coniectus,
744 1855 844 1930 atque
866 1843 1044 1929 Antigono
1066 1845 1212 1912 traditus
1257 1884 1258 1898 κ

20 1929 117 1995 suerit.
162 1929 296 2013 Quibus
336 1929 492 1994 omnibus
528 1927 773 2018 praetermissis
810 1927 957 1993 lustinus
993 1929 1104 1994 statim
1134 1945 1214 2016 post

20 2016 118 2102 sugam
140 2041 189 2080 ex
211 2015 301 2080 Nora
322 2013 504 2080 Eumenem
522 2015 569 2077 ad
592 2012 848 2111 Argyraspidas
870 2011 1079 2100 confugisse,
1111 2021 1213 2102 'atque
1246 2084 1252 2092 ,
1362 2029 1363 2038 ’

22 2103 54 2166 ab
72 2101 110 2166 iis
133 2099 388 2189 supervenienti
403 2099 580 2198 Antigono
596 2103 757 2164 traditum
772 2096 892 2177 fuisse,
913 2111 1036 2163 narrat.
1081 2099 1213 2166 Omitto

22 2189 87 2266 alia,
125 2189 162 2286 in
193 2187 315 2274 quibus
344 2187 401 2252 vel
430 2185 549 2252 similis
572 2187 627 2252 vel
651 2183 820 2272 gravioris
844 2184 1071 2273 negligentiae
1097 2201 1213 2252 notam
1256 2208 1257 2218 ¹

22 2285 187 2340 contraxit.
657 2333 658 2344 ,
752 2281 753 2292 ’
810 2303 813 2307 ·
1167 2279 1169 2296 “
1259 2329 1261 2334 ,

88 2357 237 2424 inseruit
264 2369 374 2422 tamen
396 2355 544 2422 lustinus
565 2355 661 2422 libris
680 2355 793 2437 bisce,
827 2377 892 2443 pro
911 2361 1008 2422 more
1029 2377 1109 2438 suo,
1144 2357 1213 2426 duo

23 2443 176 2531 episodia,
200 2465 268 2508 non
291 2442 430 2528 indigna
450 2465 536 2530 quae
557 2441 733 2528 inspiciam
770 2443 909 2508 alterum
935 2443 977 2506 de
1001 2439 1215 2532 Cyrenarum

23 2532 101 2596 urbis
122 2529 314 2614 originibus
335 2529 413 2616 ως
454 2530 596 2592 alterurn
620 2529 662 2591 de
684 2525 819 2607 Indiae,
853 2542 929 2614 post
951 2527 1145 2595 Alexandri
1167 2529 1211 2596 Μ.

23 2639 57 2680 ex
82 2638 118 2680 ea
148 2613 295 2694 attritum,
332 2613 614 2679 conversionibus
636 2613 723 2761 mi).
773 2610 984 2702 Cyrenarum
1013 2613 1106 2678 urbis
1136 2615 1214 2701 pri-

21 2703 134 2766 inordia
159 2699 494 2788 expositainrenias
515 2698 604 2764 lib'ro
618 2696 684 2762 th
707 2745 713 2760 .
736 2699 792 2764 ubi
813 2699 1040 2762 Ptolemaeum
1058 2697 1214 2764 Soterem

22 2787 159 2875 Cyrenes
187 2785 254 2851 sibi
282 2784 465 2850 subiecisse
493 2791 743 2850 commemorat.
794 2781 958 2848 Coloniae
979 2783 1080 2848 huius
1103 2797 1215 2851 ortum

23 2875 55 2935 ab
75 2871 254 2938 Herodoto
280 2892 414 2960 quoque
437 2869 630 2954 expositum
654 2891 726 2934 esse
749 2881 901 2950 constet,
932 2867 1072 2933 omnino
1099 2883 1215 2938 tamen

22 2959 108 3024 alium
137 2958 260 3022 ducem
289 2956 356 3020 sibi
387 2957 528 3043 elegisse
555 2954 720 3020 lustinum
749 2976 808 3020 seu
831 2953 985 3040 'l'rogum
1006 2953 1215 3042 Pompeium,

20 3045 106 3108 facile
133 3041 322 3132 intelliges,
360 3039 389 3106 si
411 3041 586 3128 utriusque
607 3041 712 3105 relata
734 3039 997 3129 comparaveris.
1042 3039 1127 3104 Sunt
1150 3063 1216 3105 att-

21 3142 92 3209 tem,
117 3148 204 3218 quae
225 3128 330 3194 habet
351 3125 513 3206 lustinus,
536 3129 635 3216 plane
655 3126 827 3207 fabulosa,
849 3139 886 3192 ut
909 3145 955 3190 ex
976 3126 1075 3213 poita
1100 3127 1215 3216 aliquo

21 3217 113 3303 petita
135 3235 210 3280 esse
232 3211 381 3278 dubitari
402 3233 542 3304 prorsus
563 3225 728 3300 nequeat,
755 3211 848 3304 quod
869 3234 917 3278 ex
936 3207 1088 3276 Aristaei
1110 3235 1216 3299 nym-

20 3368 216 3386 nn*

52 3459 78 3546 *)
107 3459 238 3520 Pouson.
263 3458 294 3523 1.,
320 3483 391 3542 pag.
409 3465 463 3520 23.
513 3457 762 3541 Distinguendum
790 3479 850 3518 esse
879 3455 917 3518 ob
946 3453 1131 3544 Hieronymo
1159 3457 1216 3521 doe

95 3545 247 3608 Gordiano
269 3542 361 3605 alium
385 3545 617 3632 Hieronymum,
655 3569 738 3630 quem
759 3543 913 3604 Rbotlium
935 3541 1061 3618 vobem,
1103 3549 1215 3626 (neseio

94 3657 150 3717 quo
176 3635 272 3710 iore‚)
297 3629 362 3692 aab
383 3631 520 3694 Vossius.
562 3635 699 3715 Apparet
721 3631 836 3716 quidem
860 3655 902 3694 ea·
923 3628 1086 3691 Plutarcho
1114 3630 1169 3712 Op.
1185 3631 1215 3694 Ι.

91 3743 162 3802 pag.
183 3723 258 3780 394.
282 3721 355 3780 397.
378 3724 453 3782 400.
485 3717 682 3868 ἶεοίαζαὶεεε
711 3719 915 3780 Macedonico
942 3716 1141 3806 Hieronymi,
1184 3719 1217 3776 in

94 3806 198 3886 quibus
226 3803 337 3888 Pyrrhi
364 3808 452 3865 etiam
477 3827 550 3868 'curn
604 3809 719 3867 omanis
746 3801 844 3880 belia,
871 3821 908 3864 ¹et
928 3806 959 3864 in
983 3800 1216 3884 Peloponnesum

92 3893 216 3974 irruptio
238 3889 386 3972 descripta
407 3909 486 3969 erat,
515 3917 590 3980 quae
603 3891 784 3976 Hieronymi
805 3890 951 3952 Gordiani
974 3887 1115 3950 historiae
1136 3893 1217 3962 uix,-

96 3975 164 4038 (ium
186 3979 329 4059 attingere
344 3965 509 4060 polueram&
547 3977 660 4038 Verum
682 3975 807 4065 difficile
827 3995 868 4038 est
890 3975 927 4036 tie
947 3975 994 4035 bis
1011 3975 1215 4056 pronuntiare,
1257 3970 1268 3984 i

95 4087 161 4124 eum
188 4063 391 4149 Hieronymus
419 4065 460 4127 oei
487 4081 611 4128 onerem
634 4070 696 4130 104
725 4053 871 4127 annorum
896 4064 1062 4147 peruenisse
1086 4061 1218 4128 dirutum*
1291 4115 1297 4122 ,

25 4193 27 4200 ›
54 4227 61 4234 .
101 4148 149 4234 Cf.
173 4149 263 4212 Voss.
286 4147 309 4213 l.
332 4175 359 4213 e.

58 4249 100 4336 ⁸⁸)
121 4235 225 4322 anau(
239 4253 338 4330 xtra,
362 4261 393 4316 r.

57 4353 109 4436 ””)
132 4356 235 4430 lustin.
249 4355 328 4459 XV,
349 4359 382 4420 4.
