2740 4854
143 385 146 392 ,
208 337 774 414 numennumen-muman
798 306 909 399 ittarta.¹
1013 310 1015 321 ’
1062 303 1197 398 -xciu
1270 329 1274 342 ’

563 559 571 575 .
593 517 646 575 30.

87 611 193 678 Restat
218 607 333 700 itaque
355 610 428 678 iam
456 626 495 678 nt
524 511 571 677 di>
598 616 677 699 ipso
698 611 836 680 Iustino
855 613 1018 683 iudicium
1044 627 1198 684 nostrum

30 699 161 780 ieramus,
188 713 222 762 et
239 697 419 786 quomodo
440 701 469 764 is
491 699 701 776 innectere
720 721 784 764 suo
803 700 1030 789 excerpendo
1046 717 1083 765 et
1096 725 1199 766 com-
1230 733 1233 742 ν

47 781 148 848 ilcndo
175 801 330 870 versatus
350 786 416 853 sic,
450 781 669 871 explicemus.
717 782 757 850 ln
787 807 854 872 quo
877 807 946 852 non
966 785 1198 858 defensionem

29 809 118 936 iustini
138 891 189 932 me
210 881 441 954 suscepturum
465 884 554 950 esse,
584 892 630 934 ex
650 868 703 946 iis,
732 893 817 968 quae
838 894 941 955 supra
960 871 1092 954 monui,
1128 871 1198 938 inm

29 967 206 1042 perspectum
227 954 348 1018 liabent
365 955 521 1020 lectores.
564 952 649 1020 Nam
671 953 701 1018 si
714 954 872 1023 historias
888 952 1009 1023 Iustini
1025 957 1219 1048 epitomen,
1273 965 1277 982 ’
1351 1013 1352 1020 ,

30 1041 115 1127 operis
129 1039 236 1127 Trogi
257 1039 412 1128 Pompeii
438 1039 588 1120 dixeris,
618 1053 719 1138 atque
741 1040 786 1104 ad
804 1041 941 1108 criticae
958 1042 1041 1108 artis
1063 1045 1200 1131 regulas

30 1125 168 1205 eneceris,
206 1125 487 1212 negligentissimi
515 1124 692 1212 scriptoris
720 1139 835 1192 notam
863 1148 938 1192 eum
959 1128 1079 1214 fugere
1097 1129 1192 1193 nullo

28 1179 103 1276 uodo
122 1232 234 1298 posse,-
268 1211 389 1296 negari
409 1233 547 1299 prorsus
580 1209 707 1298 nequit.
758 1209 906 1300 Copiose
934 1213 1024 1278 enim
1047 1213 1201 1278 narravit

28 1299 118 1372 nulla,
149 1320 235 1384 quae
264 1296 494 1384 contrahenda
523 1293 685 1378 {dieseon
720 1297 892 1362 contraxit
915 1299 990 1380 alia,
1021 1312 1107 1385 quae
1130 1319 1220 1363 non·

26 1381 148 1470 pleniora
169 1385 210 1446 ab
235 1403 275 1446 eo
298 1396 452 1446 enarrat-a
476 1405 566 1460 esse,
590 1381 665 1446 iure
686 1381 820 1460 doleam
848 1381 962 1448 omisit
983 1384 1084 1471 plane
1097 1385 1203 1449 multa

28 1469 170 1531 adrerum
201 1481 371 1553 gestarum
403 1469 558 1532 ordinem
585 1466 861 1556 perspiciendum
888 1489 927 1534 ac
956 1482 1048 1533 recte
1076 1483 1203 1534 tenen-

27 1553 83 1616 dum
103 1574 240 1638 prorsus
257 1552 458 1618 necessaria.
502 1551 630 1636 Verum
653 1575 695 1616 ne
716 1552 893 1640 iniqueac
915 1563 1135 1651 praepostere
1159 1552 1202 1618 de

27 1660 54 1702 eo
70 1633 261 1715 iudicemus,
287 1637 431 1722 primum
456 1637 606 1702 omnium
629 1637 710 1724 quid
730 1637 805 1725 ipse
827 1637 1023 1725 promiserit
1045 1662 1084 1704 ac
1105 1661 1204 1705 cem·
1243 1639 1249 1648 ’

26 1723 123 1820 pendio
147 1747 209 1789 suo
232 1723 396 1800 exhibere
418 1721 582 1804 voluerit,
610 1721 856 1810 dispiciendum
877 1737 938 1788 est.
980 1725 1095 1812 Neque
1116 1745 1203 1790 vero

25 1831 51 1872 tn
67 1811 120 1874 hoc
142 1832 203 1876 nos
235 1827 351 1874 errare
373 1831 490 1896 passus
514 1801 574 1884 est’,
597 1831 671 1873 cum
689 1806 762 1896 ipse
777 1807 814 1874 in
830 1804 1040 1895 praefatione
1052 1810 1134 1898 libri
1151 1807 1217 1883 sui¹

23 1893 142 1979 ingenue
163 1917 201 1959 ac
224 1895 354 1960 diserte
376 1916 445 1982 quo
466 1893 608 1959 consilio
625 1893 777 1958 laborem
799 1894 888 1960 hunc
902 1895 1094 1982 susceperit,
1117 1917 1206 1981 pro-

23 1977 142 2044 litentur,
187 1979 345 2069 „Operis
373 1979 480 2060 enim,
513 1977 644 2067 inquit,
681 1977 793 2066 Trogi
825 1979 980 2066 Pompeii
1003 2002 1064 2066 per
1085 1980 1232 2060 otium,-

25 2087 98 2152 „quo
122 2067 273 2136 inurbe
307 2066 546 2143 versabamur,
590 2061 785 2152 cognitione
820 2088 972 2152 quaeque
1008 2064 1207 2152 dignissima

26 2151 203 2234 „excerpsi3
241 2163 291 2232 et,
319 2150 452 2216 omissis
481 2149 542 2229 iis,
579 2172 665 2238 quae
694 2172 755 2214 nec
784 2149 1009 2234 cognoscendi
1030 2151 1208 2238 voluptate
1351 2209 1352 2224 ,

25 2237 186 2318 „incunda,
211 2260 276 2322 nec
298 2239 456 2324 exemplo
478 2249 577 2300 erant
597 2235 806 2314 necessaria,
828 2237 934 2302 breve
954 2235 1064 2316 veluti
1081 2235 1220 2302 florum,
1307 2273 1312 2280 ·

25 2325 264 2409 „corpusculum
292 2321 376 2387 feci:
419 2324 458 2386 ut
484 2322 650 2388 haberent
688 2335 721 2385 et
751 2321 808 2408 qui
840 2319 970 2388 Graeca
1000 2320 1208 2400 didicissent,

26 2430 98 2494 „quo
118 2409 400 2488 admonerentur,
432 2421 465 2472 et
487 2405 546 2494 qui
568 2427 636 2470 non
658 2404 869 2483 didicissent,
898 2429 965 2495 quc
993 2405 1207 2472 instrueren-

26 2495 117 2572 „tun”
157 2494 257 2560 Patet
278 2493 392 2579 itaque
414 2515 460 2558 ex
487 2485 572 2576 ipsis
592 2489 687 2556 hisce
708 2491 884 2577 scriptoris
904 2491 1030 2572 verbis,
1051 2512 1210 2574 eumnon

25 2599 102 2642 omne
132 2600 219 2666 opus
253 2577 364 2664 Trogi
398 2575 433 2642 in
464 2575 635 2664 epitomen
664 2575 738 2639 redi
765 2599 840 2656 ere,
876 2599 938 2642 nec
969 2569 1229 2664 compendium

25 2661 161 2729 historiae
184 2663 367 2729 universae
388 2660 572 2738 conficere,
590 2660 655 2724 'sed
679 2599 932 2749 anticologiom
953 2662 1066 2748 potius
1089 2661 1210 2725 bisto-

26 2753 132 2819 ricmn,
159 2773 208 2814 ex
228 2771 350 2833 magno
373 2769 477 2834 opere
501 2743 613 2832 Trogi
635 2746 828 2824 collectam,
865 2746 1028 2817 exhibere
1049 2745 1210 2826 voluisse,
1273 2819 1276 2828 ,

26 2855 90 2920 quae
118 2831 686 2920 etad,voluptatempart1dam,
731 2845 774 2896 et,
794 2831 977 2910 admones
1012 2831 1210 2898 formandos

25 2921 178 2988 cornmoda
199 2931 300 2986 esset.
343 2917 444 3003 Quae·
461 2919 490 2983 si
511 2931 603 2983 recte
622 2919 765 2994 'terream
802 2913 965 2982 iudicium
989 2916 1212 3004 primoscri-

25 3006 111 3091 ptcris
132 3005 171 3072 in
193 3006 237 3072 iis
266 3027 353 3094 quae
381 3007 439 3070 vel
460 3001 646 3084 enarranda
668 3001 789 3088 elegit,
827 3003 884 3068 vel
912 3002 1083 3090 neglexit,
1105 3001 1211 3068 ¹facile

25 3093 176 3177 probabis.
222 3091 312 3157 Sunt
337 3090 427 3154 enim
458 3112 537 3154 sane
565 3087 663 3167 talia,
686 3100 722 3152 ut
750 3087 913 3153 lectorem
940 3111 1014 3154 cum
1037 3089 1212 3177 voluptate
1245 3121 1246 3131 κ

26 3176 172 3259 detinere,
196 3191 298 3264 atque
319 3175 492 3262 ingenium
515 3171 917 3262 eius'ibrmarepossint.
959 3173 1093 3239 Deinde
1113 3193 1212 3254 vero,
1303 3183 1306 3194 '

26 3259 69 3346 qui
88 3261 129 3326 sit
147 3261 271 3337 Iustini
297 3261 333 3326 in
362 3259 503 3325 historia
532 3257 670 3345 antiqua
699 3279 778 3322 usus
809 3257 967 3339 criticus,
997 3257 1121 3325 certius
1143 3257 1212 3324 iam

25 3345 145 3412 definire
168 3347 300 3432 licebit.
343 3343 410 3428 Qui
434 3343 523 3410 enim
544 3343 707 3408 historias
729 3342 800 3407 eius
823 3343 1029 3432 diligentius·
1046 3343 1214 3435 inspexe-

26 3431 72 3512 rit,
98 3433 202 3499 modo
224 3433 260 3525 ip
284 3429 495 3498 narrationes
524 3427 661 3516 copiose
689 3437 723 3492 et
751 3443 869 3506 ornate
892 3429 1080 3514 coniectas,
1109 3429 1213 3495 modo
1306 3459 1318 3510 ς

25 3513 51 3579 in
69 3519 144 3584 alias
168 3517 323 3584 breviter
347 3515 585 3582 admodum‘et
606 3509 719 3586 ieiun'e
740 3513 913 3600 expositas
928 3513 1071 3582 incidet..
1109 3512 1214 3581 Scili-

27 3616 64 3665 cet
83 3603 118 3668 in
136 3600 532 3690 illis,quod¹aliquoties
553 3599 588 3676 in
608 3600 890 3665 commentatione
912 3600 1082 3680 annotavi,
1114 3598 1148 3664 T
1149 3620 1215 3664 ro·
1232 3652 1237 3662 .

26 3706 88 3772 gum
108 3689 223 3778 ipsum
243 3690 315 3754 fere
339 3687 509 3782 integrum
531 3685 707 3763 habemns3
735 3683 772 3750 in
801 3685 855 3754 his
888 3685 973 3762 illud
988 3687 1131 3754 ,tantum
1146 3683 1215 3750 sibi

25 3776 222 3861 propositum
250 3774 369 3841 hahuit
385 3772 461 3838 scri
487 3785 560 3854 tor,
598 3783 636 3834 ut
662 3791 790 3834 nexum
817 3771 1024 3852 ¹narrationis
1052 3781 1215 3851 servaret,

26 3879 79 3922 non
106 3873 144 3924 nt
175 3859 308 3946 singula
332 3925 337 3934 ,
362 3879 423 3924 uae
469 3871 543 3924 orte
563 3859 639 3946 'per
676 3875 712 3920 ee
740 3867 931 3930 memoratu⁴
961 3856 1064 3946 digna
1092 3862 1215 3936 essent,

26 3956 301 4011 commemoraret.
337 3882 462 4026 (iluare
482 3943 534 4008 tot
556 3963 595 4008 ac
622 3953 792 4006 tantorum
823 3942 1026 4030 scriptorum
1053 3937 1252 4028 reliquiass

26 4023 52 4090 in
77 4029 200 4096 lustini
226 4029 323 4096 libris
355 4028 455 4094 nobis
483 4041 635 4094 servatas
665 4047 773 4105 esse„
788 4029 936 4116 gaudere
957 4025 1076 4113 potius
1108 4025 1217 4106 decet,

26 4136 113 4197 quarn
137 4115 314 4203 conqueri,
335 4115 426 4202 quod
449 4113 574 4182 nostris
589 4111 767 4192 desideriis
782 4133 858 4183 ,non
878 4111 1017 4178 omnino
1039 4109 1240 4178 satisfecer‘

25 4198 70 4282 rit,
87 4224 150 4268 nec
174 4204 282 4289 plura,
300 4223 406 4290 quani
426 4199 501 4291 ipse
522 4195 687 4266 exhibere
699 4194 821 4282 voliiit,
842 4199 934 4287 apud
953 4221 1030 4265 eum
1050 4193 1242 4288 legantur.‘
1327 4217 1332 4228 ⁴

616 4481 619 4507 ²
648 4505 660 4536 s

974 4390 1009 4482 ir
