2740 4854
62 375 65 382 ,
148 313 256 374 exst.
551 311 1045 370 'ananannnnnnn

142 473 350 572 ueI‘Iiheree
367 471 544 556 civitates,
577 437 701 561 quibus
729 454 803 538 lere
832 469 989 538 omnibus
1017 469 1245 566 imminebant
1266 465 1353 534 Rc-

141 560 246 635 maui.
289 559 411 646 Ingens
436 558 551 646 itaque
578 559 728 624 restabat
753 559 876 639 moles,
918 579 1004 644 quae
1030 556 1188 622 undecim
1218 554 1365 630 ultimis¹

25 719 27 726 ,
84 643 89 652 ’
122 639 241 714 *tibris
262 645 507 712 continebatur.
551 643 715 710 Ordinem
743 656 854 708 autem
882 639 1086 708 narrationis
1113 641 1160 706 ita
1188 639 1354 722 instituit,

144 746 185 798 nt
210 729 322 822 primo
350 753 405 794 res
432 729 610 818 Syriacas,
639 728 887 818 Aegyptiacas,
925 740 958 792 et
981 749 1068 812 quae
1089 749 1164 792 cum
1185 726 1245 790 his
1267 745 1353 788 con-

90 829 95 842 '
144 815 259 884 iuncta
281 829 411 894 essent,
431 829 635 901 exponeret,
658 815 699 880 ad
722 813 823 880 finem
844 835 951 900 usque
971 811 1052 878 libri
1066 811 1280 891 xxxvtt.;
1302 810 1354 875 his

146 916 258 976 autem
278 899 478 982 subiiceret,
496 909 499 916 “
515 923 600 988 quae
628 900 672 966 de
697 897 838 967 Parthis·
860 911 894 964 et
913 895 1047 964 Bactris
1066 897 1212 966 dicenda
1238 910 1355 962 resta-

87 1003 89 1012 *
143 987 235 1054 bant.
412 1049 414 1064 ,
692 1021 696 1026 -
1031 1035 1035 1042 -

230 1067 355 1138 Tradit
386 1068 500 1158 itaque
532 1069 632 1156 libro,
648 1067 818 1134 XXXIV.
844 1068 970 1133 bellum
998 1067 1109 1153 primo
1144 1064 1353 1140 Achaicum,

76 1163 78 1168 ’
145 1178 213 1245 quo
241 1153 383 1220 Graecia
404 1155 440 1220 in
465 1156 695 1220 Romanorum
715 1168 915 1242 potest-atem
938 1153 1046 1218 cessit.
1089 1153 1179 1240 [Pom
1201 1151 1355 1215 transitu

58 1302 60 1306 ,
106 1246 112 1253 ’
144 1241 184 1308 in
204 1239 323 1306 Asiam
343 1239 433 1306 Iacto
448 1240 610 1306 Antiochi
625 1239 810 1325 Epiphania
831 1261 885 1304 res
908 1251 1030 1322 gestas,
1053 1253 1086 1304 et
1101 1238 1206 1318 simul
1227 1241 1367 1321 regum:

77 1369 79 1374 ·
134 1325 311 1414 Aegypti,
336 1347 421 1411 quos
440 1326 504 1389 ille·
518 1325 608 1390 bello
630 1333 807 1410 aggressus
829 1337 889 1401 est,
911 1319 1353 1393 PtolemaeiPhilometoris

141 1417 183 1478 *et
204 1406 322 1476 fratris
344 1410 416 1476 eius
435 1409 622 1498 Physconis
642 1407 740 1477 initia
762 1409 913 1496 exponit.
963 1407 1095 1474 Inserta
1116 1408 1169 1474 his
1191 1419 1274 1472 erat
1298 1429 1355 1470 se-

146 1497 215 1564 ries
237 1515 355 1580 reg-um
377 1495 618 1582 Cappadociae.
667 1493 752 1559 lude
773 1495 809 1558 in
833 1494 933 1583 Syria
954 1492 1122 1561 Demetrii
1140 1493 1255 1582 primi
1275 1514 1355 1556 suc-

148 1579 274 1648 cessio:
296 1581 331 1644 in
352 1579 438 1646 Asia
458 1601 542 1684 cmc
564 1579 685 1655 Attali.
707 1579 764 1668 qui
787 1580 970 1647 Eumenem
994 1579 1139 1668 excepit,
1161 1580 1257 1644 bella
1280 1599 1368 1666 cum¹

147 1665 362 1752 Selgensibus
399 1679 433 1729 et
467 1685 548 1750 rege
581 1663 709 1730 Prusia.
751 1665 952 1732 Continuata
983 1678 1095 1729 antem
1125 1678 1198 1730 erat
1228 1662 1368 1752 Syriael

147 1751 292 1818 historia
312 1750 373 1814 sub
393 1749 567 1826 Demetrio
588 1751 647 1814 Iih.
668 1748 821 1816 XXXV.
843 1771 948 1836 usque
970 1749 1012 1814 ad
1032 1750 1131 1836 regni
1148 1749 1355 1838 occupatic-

147 1835 355 1906 ttemfactam
369 1835 411 1901 ab
421 1835 620 1900 Alexandro
630 1836 721 1912 ssaIa,
738 1834 796 1922 qui
809 1834 845 1900 in
857 1835 932 1899 eiam
944 1825 1145 1902 s'ubornatus
1159 1849 1246 1900 erat.
1270 1833 1355 1900 Inde

146 1917 342 1994 Alexandri
363 1921 490 2001 clades,
520 1933 553 1984 et
575 1919 741 1986 Demetrii
759 1920 798 1985 II.
821 1919 1017 2002 successiO,¹
1034 1921 1095 2008 qui
1115 1943 1134 1986 a
1154 1919 1354 2008 Tryphone

149 2007 312 2094 expulsus
330 2005 367 2070 in
388 2005 528 2071 Parthos
550 2005 672 2072 bellum
695 2005 818 2086 movit,
838 2005 1121 2093 ¹uhiauperioris'
1138 2006 1253 2072 Asiae
1277 2028 1369 2074 mov

149 2105 203 2176 tus
225 2089 325 2156 simul
344 2089 492 2176 repetiti.
533 2089 708 2156 Demetrio
731 2115 748 2154 a
772 2091 903 2156 Parthis
926 2105 1042 2176 capto,
1081 2090 1162 2158 ins
1190 2090 1247 2156 ria
1274 2115 1355 2156 suc-

83 2209 87 2220 =
113 2235 115 2238 Α
149 2176 252 2244 cessit
270 2175 462 2242 Antiochus
486 2173 616 2242 Sidetes
637 2177 708 2264 (lib.
722 2174 925 2264 XXXVI),
954 2176 1013 2265 qui
1034 2197 1133 2243 caeso
1155 2115 1369 2263 'Iryphone

149 2261 294 2330 Iudaeos
320 2259 687 2350 debellavi13quorum
708 2259 874 2342 oriaines,
901 2285 979 2327 usas
1002 2261 1065 2327 hac
1086 2261 1355 2363 opportunitate,

104 2354 110 2369 ‘
150 2349 345 2421 ἐπεισοδικῶς
371 2347 474 2412 tradit
496 2361 628 2414 auctor:
669 2313 857 2433 postiraec
885 2346 1001 2412 ultima
1027 2369 1125 2434 regna
1146 2348 1356 2435 Pergameni

89 2465 90 2472 ¹
149 2433 235 2516 lata,
269 2432 362 2519 quod
389 2431 577 2498 hereditate
603 2431 758 2520 pervenit
786 2431 830 2496 ad
855 2430 1036 2519 Romanos.
1079 2432 1135 2498 Sic
1156 2454 1243 2498 vero
1269 2457 1357 2520 per-

110 2563 115 2570 *
150 2532 295 2588 venerat
315 2515 383 2581 iam
406 2515 542 2604 Trogus
564 2516 606 2582 ad
628 2530 856 2602 eatempora,
889 2515 1010 2604 quihus
1033 2516 1248 2584 Mithridates
1275 2520 1356 2586 Ma—

150 2627 234 2693 gnus
254 2608 395 2668 exortus
417 2618 476 2668 est.
511 2601 723 2690 Explicanda
743 2599 857 2688 itaque
880 2617 952 2670 erat
971 2625 1089 2690 regum
1108 2603 1210 2670 Ponti
1231 2606 1356 2684 series,

151 2691 316 2780 simulque
353 2685 460 2774 ipsius
488 2686 714 2768 Mithridatis,
762 2699 937 2773 antequam
973 2687 1010 2754 in
1042 2689 1132 2754 bella
1166 2711 1243 2754 cum
1277 2691 1357 2757 Ro-

109 2849 112 2857 ,
150 2776 257 2844 manis
287 2772 524 2852 descenderet,
554 2772 666 2852 initia,
702 2770 794 2859 quod
820 2772 879 2836 lih.
899 2769 1082 2840 XXXVII.
1110 2772 1237 2841 Iactum
1268 2790 1356 2856 erat,

105 2861 107 2868 ⁴
149 2861 211 2928 uhi
233 2859 333 2924 simul
352 2859 526 2923 commoda
547 2857 751 2923 offerebatur
773 2856 905 2923 occasio
926 2859 968 2922 ad
984 2857 1187 2926 Colchorum
1206 2871 1240 2924 et
1258 2859 1357 2928 Bos-

112 2936 114 2947 *
176 2945 228 3012 ori
248 2943 461 3040 antiquitates
482 2943 719 3008 illustrandas.⁴
744 2941 852 3031 Libro
871 2942 950 3006 inde
967 2944 1126 3030 proximo
1146 2943 1357 3013 XXXVIII.

149 2971 436 3108 Ilithridansttt„
466 3032 544 3097 dunt
561 3025 805 3115 Cappadociam
827 3040 861 3090 et
881 3027 1080 3118 Bithyniam
1100 3043 1261 3116 occupat,
1300 3033 1359 3098 in·-

80 3111 84 3123 ¹
150 3127 329 3184 crementa.
371 3113 451 3188 Post
467 3111 556 3180 haec
568 3111 751 3200 I’tolemaei
770 3111 955 3200 Physconis
975 3129 1052 3203 post
1072 3129 1215 3182 mortem
1234 3115 1358 3186 fratris

150 3201 188 3268 in
208 3201 373 3288 Aegypto
394 3199 583 3288 imperinm.
626 3195 826 3266 Continuata
850 3212 920 3262 tum
942 3198 1063 3287 Syriae
1083 3200 1243 3282 historia,
1269 3205 1359 3271 An-

81 3291 84 3301 '
124 3284 256 3352 *tiocbi
280 3282 404 3349 Sidetis
427 3306 501 3347 cum
525 3283 657 3350 Parthis
680 3284 821 3364 bellum,
851 3273 979 3371 in‘quo
1001 3285 1122 3372 periit3
1155 3285 1358 3356 Demetrius

150 3391 235 3439 vero
254 3367 327 3451 11.,·
342 3391 362 3432 a
383 3369 515 3434 Parthis
537 3369 711 3448 dimissus,
733 3391 874 3454 regnum
896 3369 1128 3457 recuperavit3
1157 3371 1216 3459 qui
1233 3360 1359 3442 'tamen

129 3477 235 3542 *mox
256 3455 301 3518 ab·
321 3453 523 3520 Alexandro
544 3453 672 3521 Zebina
694 3452 780 3530 ¹solio
803 3452 970 3532 deiectus,
1007 3455 1148 3522 interiit.
1190 3457 1361 3545 Sequun-

151 3554 208 3608 tur
228 3539 296 3606 iam
318 3537 506 3604 tristissima
517 3539 702 3626 utriusque
718 3538 815 3624 regni
830 3537 964 3623 Syriaci
986 3553 1020 3606 et
1033 3539 1243 3630 Aegyptiaci
1260 3559 1360 3610 tem·-

151 3647 254 3728 pora,
283 3618 389 3690 turbis
411 3638 445 3690 et
466 3625 688 3690 seditionibus
710 3621 745 3686 in
768 3623 902 3688 familiis
923 3623 1028 3710 regiis
1050 3626 1196 3705 exortis,
1227 3629 1358 3726 quibus

99 3780 106 3802 χ
150 3709 324 3787 interitum
344 3709 411 3776 sihi
431 3709 525 3798 ipsae
545 3709 806 3798 praeparabant,
837 3707 937 3796 Syria
959 3725 1036 3797 post
1058 3709 1266 3780 Mithridatis
1291 3740 1360 3781 ne-

152 3812 226 3866 cem
245 3820 265 3862 a
283 3795 462 3884 Pompeio,
492 3797 656 3884 Aegypto
685 3815 788 3878 vero,
851 3807 903 3858 ost
923 3795 1071 3862 Antonii
1093 3810 1127 3862 et
1140 3796 1360 3887 ,Cleopatrae

152 3884 298 3959 cladem,
339 3881 382 3948 ab
416 3881 560 3948 Octavio
593 3893 764 3968 occupata.
838 3893 973 3948 narrata
1004 3884 1090 3950 haec
1125 3895 1222 3954 erant
1252 3885 1360 3952 libris

150 3964 321 4038 XXXIX.
344 3980 377 4032 et
399 3963 474 4032 XL.
978 4027 984 4034 .
1037 4019 1039 4034 .
1289 3961 1298 3970 '

182 4107 184 4110 -
235 4057 299 4122 His
320 4075 408 4120 vero
427 4051 582 4118 omnibus
603 4050 783 4140 expositis,
814 4072 889 4116 cum
909 4049 976 4116 iam
997 4053 1145 4120 omnium
1166 4077 1361 4144 regnorum

149 4147 189 4222 'et
208 4139 399 4218 civitatum,
431 4161 516 4226 quae
542 4161 587 4202 ex
606 4137 741 4222 imperii
760 4135 971 4220 Macedonici
992 4137 1162 4207 divisione
1184 4143 1361 4229 originem

152 4239 345 4306 traxerant,
378 4224 448 4292 lata
469 4247 573 4310 usque
596 4223 639 4286 ad
660 4220 899 4296 Romanorum·
912 4223 1166 4310 occupationem
1181 4237 1362 4313 persecu·-

151 4325 208 4378 tus
230 4326 349 4393 esset,
367 4319 565 4398 supererant
586 4321 714 4384 tantum
731 4321 839 4406 ¹regua
858 4306 1362 4404 interioriatlsiae„I'arthi-
