2786 4856
162 271 357 372 ι2663ι
604 290 910 352 suerrus

240 477 392 526 externo
408 459 467 524 bel
452 460 517 542 lla,
531 473 613 547 pest
625 459 820 523 uictoria-m
836 458 875 520 in
885 451 1266 546 feminussoeoieum
1284 466 1391 542 quus

236 585 340 628 senus
362 568 438 650 ipse
460 579 495 626 et
499 583 635 650 pericu
639 563 682 626 lis
704 561 899 643 bellorum,
924 576 960 622 et
979 560 1159 624 saevitiae
1184 567 1363 618 victorum
1390 555 1391 654 t

204 668 393 754 teximus:
417 669 456 730 in
477 665 665 734 bucnero,
680 680 829 751 praeter
849 684 1035 732 commuue
1055 657 1127 724 tett
1128 643 1391 740 antiumfes

236 767 413 834 accedere
434 767 731 834 necessitudinem
750 770 953 855 sauguinis.-
978 767 1113 852 quippe
1128 763 1257 848 ipsius,
1242 775 1362 842 ‚quoe

235 891 313 936 som
334 890 483 936 cruente
502 875 655 950 saeviat,
674 893 833 936 sororem
857 867 1024 958 equidem
1042 884 1266 953 germanum
1290 879 1360 936 esse,

177 984 179 992 ’
236 997 339 1043 suam
352 999 441 1040 vero
458 975 709 1058 consobrinam
719 999 747 1056 ,χ
760 975 954 1039 liberorum
971 968 1107 1046 deinde
1119 964 1360 1032 communium
1390 997 1391 1044 y

202 1085 485 1144 emaceruram.
529 1076 592 1142 His
626 1089 678 1140 tot
704 1075 1009 1142 necessitudinibus
1040 1069 1216 1159 sanguinis
1252 1061 1360 1129 adiicit
1390 1121 1391 1140 ,

124 1166 126 1175 ,
234 1180 511 1268 superstitionem
539 1179 676 1268 templi,
707 1203 774 1267 quo
796 1179 913 1246 abditu
942 1173 1153 1267 profugerit,
1181 1187 1359 1254 tantoque
1390 1181 1391 1186 ’

232 1287 434 1374 religiosius
457 1281 627 1350 colendos
646 1283 714 1366 sibi
736 1283 856 1362 Deos,
883 1307 954 1370 quo
985 1283 1098 1368 magis
1121 1279 1175 1342 leis
1194 1275 1359 1365 propitiis

155 1394 173 1458 ’.
233 1411 278 1456 oe
287 1388 507 1477 savorsis'bus
526 1389 687 1450 uicisset:
710 1403 929 1473 sumusque,
946 1388 1064 1450 occiso
1085 1385 1163 1464 ille,
1180 1403 1219 1445 se
1235 1380 1359 1442 virium

234 1491 435 1580 quidquam
466 1491 642 1576 Cpnceno
671 1485 891 1565 destiturum,
921 1512 989 1570 nec
1015 1477 1252 1554 servaturum
1281 1478 1360 1542 red

183 1595 328 1662 todire.
372 1591 441 1660 Sed
470 1605 596 1679 queuto
618 1589 760 1680 Grypus
783 1593 918 1673 abnuit,
947 1605 1044 1685 teuto
1072 1611 1172 1656 soror
1201 1580 1358 1651 muliebri

230 1695 417 1788 pertinacia
437 1693 651 1776 accenditur,'
663 1711 737 1762 retu
760 1718 828 1764 non
858 1694 1112 1764 misericordiae
1133 1694 1220 1758 haec
1244 1688 1392 1762 verost
1391 1755 1392 1816 t

231 1802 293 1866 sed
316 1798 453 1876 asnoris
462 1822 546 1867 esse
590 1798 710 1886 ltaque
731 1800 863 1874 vocetis
884 1798 959 1887 ipsu
981 1796 1155 1874 militibus,
1174 1791 1286 1860 mittit
1310 1787 1392 1877 qui

163 1895 215 1970 'ts
233 1925 404 1992 sororem
416 1901 651 1980 confoderent.
704 1901 773 1985 Qui
800 1916 837 1966 ut
868 1901 906 1968 iu
934 1904 1098 1990 templum
1133 1901 1356 1974 intraverunt,

229 2030 304 2072 cum
328 2007 476 2072 evellere
498 2029 571 2070 eum
593 2029 661 2072 nun
682 2019 838 2096 possent,
868 2027 1000 2076 munus
994 2002 1247 2092 amplexantis
1271 1999 1356 2064 Deae
1391 2007 1392 2040 t

120 2117 126 2129 ¹
230 2095 446 2177 simulacrum
475 2109 724 2196 praeciderunt.
768 2107 867 2174 Tunc
904 2097 1086 2196 Cleopatra
1121 2103 1354 2174 exsecratione

227 2211 496 2306 parricidarum,
530 2213 689 2280 mandata
722 2212 861 2280 violatis
896 2211 1089 2280 numinibus
1127 2201 1266 2278 ultione
1303 2205 1355 2286 sui,

178 2324 217 2381 12
230 2313 374 2382 decedit.
417 2313 488 2382 Nee
515 2318 622 2382 multo
652 2331 731 2404 post
765 2314 913 2403 repetita
943 2315 1067 2405 praelii
1104 2312 1352 2402 congressione,

227 2407 342 2487 victor
355 2417 546 2508 Cyzicenus
568 2442 714 2486 uxorem
729 2418 841 2510 Grypi
857 2418 1114 2510 Tryphaenam,
1130 2441 1222 2507 quse
1248 2415 1351 2504 paullo

138 2519 139 2530 ’
229 2536 308 2590 ante
327 2543 482 2590 sororem
503 2523 742 2608 interfecerat,
770 2521 883 2614 oepit,
905 2521 1045 2612 eiusque
1064 2520 1246 2615 supplicio
1267 2539 1352 2585 uxo·

232 2627 283 2694 ris
302 2626 462 2694 menibus
481 2629 682 2714 parentevit

202 2741 220 2797 t
320 2730 415 2798 Cer.
437 2754 508 2828 ry
530 2732 613 2798 At
601 2757 639 2798 sn
661 2733 828 2822 Aegypto
851 2732 1036 2822 Cleopatra
1053 2703 1131 2812 cum
1151 2743 1352 2819 gravaretur

228 2832 322 2900 socio
341 2833 450 2922 regni,
472 2833 543 2899 filio
564 2835 770 2918 Ptolemaeo,
791 2836 984 2924 populum
974 2859 1010 2902 ιιι
1033 2859 1109 2902 eum
1131 2834 1275 2916 incitat,
1292 2835 1351 2898 sb-

230 2936 397 3024 ductuque
419 2938 591 3004 eiSelene
614 2962 741 3022 uxore,
762 2963 803 3006 eo
827 2939 1023 3029 indignius,
1047 2940 1140 3028 quod
1164 2963 1212 3004 ex
1236 2940 1352 3006 Selene

227 3035 295 3104 inm
316 3039 401 3108 duos
423 3039 511 3108 filios
533 3042 696 3125 babebat,
719 3043 877 3110 exsulare
897 3043 1009 3131 cogit,
1035 3043 1200 3110 arcessito
1223 3041 1353 3108 minore

197 3141 302 3210 ufitio
326 3144 549 3232 Alexandro,
569 3161 606 3214 et
625 3169 709 3236 rege
728 3148 765 3214 in
789 3150 900 3214 locum
924 3146 1039 3212 fratris
1060 3137 1270 3212 constituto:
1291 3167 1353 3209 nec

160 3245 168 3256 ’
226 3244 334 3314 filium
363 3268 470 3336 regno
492 3247 664 3336 expuiisse
686 3265 864 3330 contenta,
887 3252 980 3316 bello
1003 3248 1111 3340 Cypri
1135 3253 1352 3315 exsulantem

226 3351 457 3440 persequitur.
500 3351 600 3420 Unde
626 3357 742 3441 pulso,
763 3351 926 3422 interficit
954 3355 1074 3422 ducem
1094 3353 1270 3444 exercitus
1289 3353 1353 3434 sui,

166 3455 169 3464 ’
225 3457 317 3542 quod
338 3454 459 3542 vivum
479 3475 555 3524 eum
578 3479 597 3520 e
618 3458 773 3524 messibus
794 3457 1015 3540 dimisissen—
1031 3481 1238 3547 quemquem
1267 3457 1353 3522 Pto-

226 3555 374 3624 lemneus
395 3558 601 3647 verecundia
622 3561 766 3626 materni
786 3561 885 3644 belli,
912 3584 982 3630 non
1004 3561 1137 3628 viribus
1167 3561 1282 3628 minor
1312 3562 1353 3625 ab

194 3655 336 3727 Sinsula
363 3659 571 3749 recessisset.
613 3663 725 3752 Igitur
745 3665 946 3732 Alexander
975 3665 1114 3732 territus
1141 3665 1205 3731 hac
1234 3665 1353 3730 metris

226 3763 443 3856 erudelitate,
473 3781 507 3832 et
527 3765 699 3854 ipseeum
719 3767 875 3856 reliquit,
903 3767 1097 3854 periculoso
1117 3758 1227 3860 regno
1250 3793 1355 3834 secu-

195 3871 300 3930 4rem
323 3890 361 3931 ec
383 3881 489 3934 tutam
517 3870 624 3936 vitum
645 3885 862 3961 anteponens.
885 3870 1085 3963 ¹Cleopatra
1107 3892 1195 3937 vero
1218 3871 1354 3952 timens,

215 3992 268 4056 ,ne
289 3969 400 4036 snuior
419 3969 507 4038 filius
529 3973 806 4048 Ptolemaeussb
827 3974 1065 4066 Cyzicenosd
1091 3974 1355 4062 reciperandam

222 4072 423 4162 Aegyptum
444 4076 607 4142 auxiliis'
597 4093 789 4165 reveretur,
822 4079 975 4170 ingentia
1003 4077 1125 4169 Grypo
1152 4078 1295 4160 auxilia,
1321 4091 1354 4143 et

186 4173 370 4244 Selenen
392 4201 555 4263 uxorem,
589 4197 769 4275 nupturam
797 4185 889 4252 boeti
913 4185 1057 4292 prioris
1062 4182 1201 4259 mariti,
1222 4181 1352 4263 missin

191 4280 210 4340 5
224 4276 532 4373 Alexandrumque
546 4283 653 4354 lilium
670 4311 733 4375 per
746 4287 904 4378 legatos
892 4313 930 4357 ιιι
946 4309 1090 4380 reguum
1110 4299 1266 4380 revocat:
1294 4285 1353 4352 cui

300 4529 314 4572 9
