2786 4856
226 281 314 358 ,270
663 294 851 349 ιιιιί
874 298 937 348 ιιι

1228 391 1245 440 1

244 489 374 538 merum
402 456 776 556 quemdsmpueritiae
810 456 876 528 sibi
910 459 996 527 flore
1023 459 1275 526 'conciliatums
1317 461 1364 547 qui

120 600 123 609 ’
150 637 153 651 ,
244 570 420 663 tyrannica
440 567 656 648 crudelitate,
686 567 809 632 oblitus
822 571 865 630 'et
886 563 979 630 vitae
999 563 1225 651 praeteritae,
1265 575 1297 627 et
1315 565 1363 629 vi-

247 675 329 744 carii
353 671 472 752 officii,
493 663 715 760 Babylonios,
745 669 934 756 multasque
954 665 1035 733 alias
1057 667 1217 734 civitates
1241 663 1364 755 impor-

215 773 499 848 transvexerit.
542 773 619 860 lpse
646 788 757 839 autem
785 771 969 839 Phrahates
997 771 1189 838 exercitum
1219 767 1389 844 Graeco-t

244 906 343 966 rum,
364 903 463 970 quem
490 878 579 944 bello
602 875 769 945 Antiochi
791 888 925 962 captum
947 876 1093 964 superbe
1119 847 1389 961 crudeliterque

244 995 470 1063 tractaverat,
500 982 537 1046 iu
565 981 717 1046 bellum
711 1003 839 1048 secum
862 977 976 1062 ducit3
1010 977 1191 1050 immemor
1225 996 1389 1066 prorsus

246 1091 337 1180 quod
361 1085 500 1154 hostiles
523 1106 640 1151 eorum
665 1081 795 1148 arrianos
818 1101 880 1148 nec
907 1081 1086 1172 captivitas
1116 1081 1310 1163 minuerat,
1340 1100 1362 1148 et

215 1195 385 1280 binsuper
405 1189 605 1256 iniuriarum
624 1185 808 1276 indignitas
833 1187 1112 1264 exacerbaverat.
1156 1183 1286 1274 ltaque
1305 1209 1362 1252 cun

245 1295 440 1368 inclinatam
469 1293 671 1358 Parthorum
707 1290 813 1354 aciem
842 1287 1025 1371 vidissent,
1065 1313 1159 1354 arma
1187 1291 1236 1354 ad
1266 1287 1363 1355 hostes

245 1401 466 1476 transtutere3
501 1407 535 1463 et
554 1397 612 1460 diu
633 1393 781 1482 cupitam
803 1390 1007 1482 captivitatis
1029 1393 1213 1475 ultionem,
1240 1393 1363 1459 exerci-

245 1517 299 1569 tus
335 1493 502 1580 Parthici,
525 1511 558 1606 et
579 1497 686 1586 ipsius
706 1494 887 1571 Phrahatis
908 1489 999 1586 regis
1020 1509 1159 1564 cruenta
1179 1498 1291 1564 caede
1312 1519 1364 1563 ex-

247 1603 352 1674 secuti
374 1613 461 1668 strat

220 1721 236 1778 1
336 1681 429 1774 Cri
450 1727 487 1770 ιι.
530 1695 703 1769 Iahnius
737 1700 849 1770 locum
877 1697 1096 1786 Artabanus,
1123 1713 1273 1794 patruus
1297 1703 1391 1788 eius,
1390 1753 1391 1820 p

246 1833 310 1882 rex
339 1805 562 1875 substituitur.
605 1807 753 1897 Scythae
782 1821 893 1874 autem
924 1809 1075 1874 contenti
1103 1810 1277 1891 victoria,
1313 1811 1360 1875 de-

219 1914 411 2006 2popullsta
434 1912 580 1990 Parthia,
598 1909 634 1976 in
657 1910 797 1998 pratriam
820 1921 1049 1976 revertuntur.
1093 1911 1162 1978 Sed
1178 1913 1363 1980 Artabanus

246 2015 337 2086 bello
354 2013 663 2104 Thoga'riis'illatc,
685 2013 721 2077 iu
745 2013 886 2080 brachio
910 2019 1118 2096 vulneratus,
1134 2012 1256 2082 statim
1276 2017 1362 2084 deca-

217 2123 309 2190 soit.
365 2117 471 2214 Huic,
495 2117 709 2204 Mithridates
748 2115 838 2182 filius
873 2119 1038 2184 succedit:
1079 2117 1134 2184 cui
1169 2143 1228 2188 res
1266 2135 1392 2212 gestae,

246 2223 376 2312 Magni
405 2245 592 2309 cognomen
617 2221 764 2314 2dedere
798 2219 925 2308 quippe
963 2219 1149 2288 claritatem
1185 2240 1363 2312 parentum,

248 2327 475 2412 aemulatione
492 2325 629 2410 virtutis
658 2345 834 2405 accensus,
857 2323 960 2390 animi
989 2327 1225 2412 magnitudine
1257 2355 1363 2419 super-

218 2435 414 2520 lgreduur.
461 2389 619 2516 tituttaig
602 2431 691 2494 ⁰itur
725 2415 910 2494 bellacum
933 2427 1084 2493 finitimis
1105 2451 1184 2494 rna
1162 2453 1232 2518 ua
1253 2435 1362 2501 virtute

217 2533 369 2632 ⁵gessit,
402 2537 593 2620 multusque
623 2533 767 2620 popmos
796 2519 954 2600 Parthico
983 2553 1090 2620 regno
1123 2533 1269 2600 addidit
1290 2537 1362 2602 Sed

249 2653 280 2704 et
305 2661 381 2714 curu
411 2638 548 2726 Scythis
580 2655 743 2724 prospere
773 2633 952 2723 aliquoties
983 2635 1180 2719 dimicavit,
1217 2642 1362 2728 ultorque

218 2741 394 2809 oiuiuriae
424 2755 600 2828 pareutum
628 2738 703 2803 suit.
747 2737 806 2804 Ad
829 2754 1036 2824 postremum
1059 2739 1271 2825 Ortoadisti,
1300 2748 1364 2809 Ar

220 2843 438 2911 lutetiorum
469 2843 560 2931 regi,
599 2834 722 2908 bellum
751 2841 874 2908 intulit.
917 2842 992 2909 Sed
1007 2829 1167 2931 quoniam
1189 2845 1226 2910 iu
1249 2849 1364 2912 Arme

249 2951 338 3015 niatu
360 2947 545 3020 transitum
560 2943 711 3027 iacimus,
735 2947 850 3034 origo
856 2943 927 3011 eius
943 2950 1058 3036 paullo
1075 2947 1177 3014 altius
1190 2953 1365 3039 repetenda

217 3059 309 3117 ttest.
360 3050 600 3137 Neque-eninr
630 3050 765 3116 silentio
795 3051 973 3139 praeteriri
996 3063 1126 3114 tantum
1154 3075 1297 3139 regnum
1324 3056 1364 3120 las

228 3169 310 3235 ¹eut,
334 3160 406 3219 cudi
432 3149 514 3217 fines
536 3153 615 3217 eius·
631 3167 716 3242 post·
731 3147 1075 3220 Parthiam‘buruiom
1096 3153 1282 3242 regnorum
1300 3183 1365 3224 ma-

73 3339 79 3350 ·
132 3343 134 3346 Ι
164 3281 170 3292 ·
217 3259 460 3347 9guitudiueru
490 3269 657 3345 superant.
711 3251 887 3344 Siquidem
918 3257 1093 3322 Armenia
1112 3281 1133 3342 a
1161 3260 1364 3349 Cappadocia

248 3376 353 3451 atque
377 3381 474 3426 mare
489 3357 645 3447 Caspium
669 3360 828 3426 undecies
850 3375 985 3456 centum
1007 3361 1112 3426 utillie
1136 3369 1242 3450 pa'tet,
1265 3368 1321 3430 sad
1338 3368 1365 3430 iu

199 3465 462 3532 tolutitudiuem
489 3464 594 3528 nullia
616 3483 773 3550 passuum
796 3461 1009 3551 septingenta
1036 3466 1237 3554 porrigitur.
1283 3468 1364 3534 Con-

250 3569 322 3638 dita
358 3582 409 3634 est
447 3583 556 3632 autem
594 3568 636 3632 ab
666 3569 853 3646 Armenio,
888 3567 1017 3633 Iasonis
1048 3567 1207 3648 Thessali
1239 3575 1365 3638 cernite:

226 3683 351 3760 *quem
365 3692 440 3737 cum
460 3667 630 3759 pemitum
654 3685 794 3762 prepter
815 3671 981 3774 insignem
1002 3672 1296 3766 periculosamque
1316 3701 1366 3742 re-

253 3798 319 3864 guo
345 3776 594 3840 suovirtuteur
609 3775 718 3840 Pelias
741 3791 805 3840 rex
833 3787 990 3864 cuperet,
1013 3775 1217 3846 ‘denuntiata
1247 3781 1365 3865 militia,

236 3880 286 3946 ,ιιι
308 3863 454 3944 Colchos
478 3898 554 3943 auru
576 3879 670 3944 abire
692 3878 797 3961 iubet,
818 3877 1015 3968 pellemque·
1029 3876 1146 3948 arietis
1167 3885 1366 3952 memorabia

250 3982 320 4048 lem'
345 3981 501 4072 gentihus
525 3995 728 4070 reportare,
771 4001 910 4074 sperans
939 3983 1114 4052 interitum
1144 3984 1216 4054 viri
1245 4001 1301 4055 aut
1329 4003 1365 4053 ex

604 4149 678 4203 ntrs'
697 4154 790 4206 hier.
802 4149 936 4206 ’dim-

180 4301 186 4306 ⁸
297 4310 376 4378 Car.
401 4334 438 4377 ιι.
461 4305 485 4396 ι’.
512 4321 560 4380 to.
588 4307 868 4400 *reportarem*
888 4307 1017 4403 spadana
