2786 4856
133 255 136 262 ‚
195 271 273 348 294
515 297 573 348 tu
630 259 813 361 aanor
862 295 1008 352 utar.

458 461 711 534 Puniceus
752 459 900 530 Luuar
942 459 1075 530 XVII.

195 609 230 682 .”
296 615 584 704 Septimodecimo
606 615 782 686 volumine
804 613 1021 684 continentur
1040 617 1137 682 haec:
1187 613 1240 686 Ut
1259 611 1335 704 Ly-

209 716 393 802 simachus,
420 719 533 788 occiso
555 719 627 788 filio
648 721 840 808 Agathocle
859 743 921 809 per
942 713 1125 788 novercam
1147 717 1329 800 Arsincin,
1386 765 1387 794 ,

152 819 156 826 ¹
208 823 337 890 bellum
365 846 440 890 cum
473 848 556 914 rege
586 823 729 892 Seleuco
756 823 892 908 habuit,
935 847 1002 912 quo
1037 823 1149 891 victus
1187 821 1334 888 interiit:
1386 821 1387 834 i

207 923 429 1016 ultimumque
451 942 621 1002 certamen
649 927 915 994 commilitonum
936 926 1133 992 Alexandri
1165 926 1246 992 fnit.
1291 922 1337 992 Ut

209 1025 387 1111 Seleucus,
409 1031 539 1096 amissis
561 1031 597 1096 in
620 1029 834 1120 Cappadocia
856 1053 931 1098 cum
955 1031 1109 1098 Diodoro
1132 1027 1258 1119 copiis,
1281 1026 1340 1091 iu-

210 1129 373 1198 ter-fectus
392 1147 445 1200 est
466 1158 485 1199 a
506 1135 702 1204 Ptolemaeo
723 1134 828 1200 fratre
846 1134 1015 1200 Arsinoes
1035 1132 1154 1200 uxoris
1173 1130 1338 1221 Lysima-

212 1231 286 1318 chi,
325 1233 365 1301 iu
400 1237 497 1304 cuius
528 1237 641 1306 ricem
672 1239 884 1305 Ptolemaeus
921 1237 1122 1326 cognomine
1159 1235 1339 1302 Ceraunus

211 1342 422 1406 creatus.ab
445 1341 600 1422 exercitu
628 1349 710 1420 rex,
751 1339 985 1408 Macedoniam
1012 1339 1209 1428 occupavit:
1248 1339 1339 1403 bella
1388 1365 1389 1368 ¹

115 1471 120 1486 ι
190 1460 289 1508 1οιιιιι
309 1441 485 1512 Antiocho
508 1457 543 1510 st
563 1445 699 1536 Pyrrho
722 1444 922 1536 composuit,
955 1445 1042 1518 datis
1066 1443 1203 1540 Pyrrho
1231 1440 1339 1506 auxi-

209 1539 284 1623 liis,
318 1545 442 1634 quibua
471 1548 538 1614 iret
565 1562 684 1614 contra
711 1547 885 1615 Romanos
920 1548 1095 1614 defensum
1129 1545 1338 1612 Tarentum.

207 1639 294 1710 lude
321 1649 488 1736 repetitae
524 1650 675 1738 origines
711 1674 830 1736 regum
857 1645 1109 1738 Epiroticorum
1146 1672 1256 1738 usque
1295 1648 1341 1714 ad

207 1743 398 1840 Pyrrhum:
419 1739 594 1849 ipsiusque
614 1751 744 1844 Pyrrhi
764 1775 819 1822 res
842 1767 967 1844 gestae,
989 1751 1189 1846 priusquam
1208 1750 1248 1817 in
1262 1749 1337 1822 lta-

209 1847 292 1918 liam
313 1850 459 1930 traiecit.
830 1849 833 1856 ⁴

439 2035 693 2113 Panaenus
740 2043 897 2113 Lusus
939 2043 1095 2114 XVIII.

216 2261 222 2288 ι
293 2192 560 2266 Oaavedectmo
588 2203 764 2268 volumine
800 2199 1016 2270 continentur
1054 2223 1110 2266 res
1149 2223 1169 2264 a
1199 2197 1340 2287 Pyrrho

209 2293 355 2384 Epirota
384 2298 428 2364 dn
461 2299 558 2368 ltalia
585 2319 700 2392 gestae
737 2311 857 2374 contra
883 2307 1074 2373 Romanos:
1117 2315 1267 2390 postque
1298 2300 1338 2366 id

210 2395 355 2482 hellam,
377 2403 538 2470 transitus
561 2403 633 2474 eius
654 2407 691 2474 in
713 2409 864 2476 Siciliam
886 2411 1048 2476 adversus
1069 2404 1337 2491 Carthaginien-

210 2521 276 2566 ses.
318 2502 403 2569 lnde
425 2506 573 2596 origines
594 2510 813 2592 Phoenicum,
832 2526 869 2578 et
891 2511 1121 2592 Sidoniorum,
1141 2523 1176 2573 et
1199 2507 1342 2592 Uticae;

97 2655 107 2682 χ
212 2599 610 2701 carthaginensiumque
631 2637 686 2682 res
708 2631 822 2714 gestae
841 2615 879 2682 in
898 2638 1041 2682 excessu
1065 2613 1189 2680 dictae.

474 2757 725 2870 Puniceus
766 2802 914 2870 Linus
958 2800 1072 2868 XIX.

297 2946 562 3028 und‘Nimium
576 2955 751 3026 volumine
769 2959 985 3026 continentur
1000 2977 1055 3044 res
1071 2951 1345 3041 Carthaginien·

210 3047 300 3114 sium
321 3049 358 3115 in
377 3051 534 3120 Africam
555 3075 619 3148 per¹
638 3059 904 3142 Hasdrubalem,
927 3057 1153 3124 Hamilcarem
1176 3070 1210 3121 et
1238 3055 1348 3121 Han-

208 3174 335 3218 nonem
357 3167 490 3242 gestae3
512 3159 603 3226 etin
626 3163 796 3246 Siciliam,
819 3187 893 3230 cum
917 3161 1145 3238 Selinuntem,
1167 3173 1202 3226 et
1223 3159 1348 3246 Agri-

210 3269 366 3342 gentum,
398 3273 433 3324 et
461 3260 690 3348 Camerinam,
727 3283 760 3334 et
787 3267 905 3335 Gelam
928 3279 1110 3354 ceperunt:
1154 3285 1221 3352 quo
1245 3265 1346 3329 hello

82 3413 86 3424 .
209 3354 401 3447 Dionysius
417 3363 649 3452 Syracusanus
663 3369 800 3437 Siciliae
813 3393 955 3458 regnum
975 3367 1163 3454 occupavit.
1194 3367 1347 3448 Bellum,

44 3493 51 3502 ·
100 3465 106 3470 ”
210 3461 303 3545 quod
333 3484 408 3529 cum
438 3490 479 3534 eo
508 3470 613 3537 Poeni
643 3498 706 3562 per
733 3475 959 3541 Himilconem
989 3485 1185 3564 gesserunt3
1222 3469 1347 3558 quoad

209 3549 390 3666 obsidione
410 3565 655 3665 Syracusarum
674 3578 864 3646 exercitum
886 3591 920 3644 et
942 3580 1083 3644 classem
1104 3573 1226 3641 amisit.

483 3759 738 3834 Puniceus
779 3765 928 3832 Linus
970 3761 1064 3831 XX.
1105 3825 1107 3830 .

294 3883 469 3959 Vicesimo
484 3897 658 3985 volumine
673 3899 888 3968 continentur
902 3901 957 3968 res
973 3912 1087 3991 gestae
1099 3895 1266 3987 Dionysii
1280 3893 1348 3961 Si-

210 3985 278 4054 culi
291 3991 409 4078 patris.
439 3993 489 4062 Ut
503 4001 620 4087 pulsus
635 4001 759 4070 Poenis
772 4003 890 4070 Italica
905 4005 994 4070 bella
1008 4001 1053 4070 sit
1067 4001 1218 4068 molitus.
1255 3997 1349 4064 Inde

209 4091 377 4176 'repetitae
399 4097 550 4189 origines
570 4103 790 4188 Venetorum,
814 4121 847 4173 et
863 4105 1084 4189 Graecorum,
1099 4119 1134 4171 et
1151 4103 1348 4184 Gallorum,

210 4192 276 4308 <lul
291 4191 425 4294 ltaliam
451 4201 616 4274 incolunt.
659 4209 891 4298 Deductisque
906 4207 1069 4301 Dionysii
1089 4209 1192 4276 rebus
1215 4207 1261 4271 ad
1285 4205 1345 4272 in-

211 4303 351 4362 teritum
376 4299 459 4386 eius,
485 4305 597 4377 dictae
621 4335 704 4402 quas
722 4309 844 4382 Hanno
855 4313 1000 4403 Magnus
1022 4313 1060 4380 in
1082 4309 1206 4382 Africa
1225 4308 1348 4396 gessit.
