2786 4856
507 319 804 408 rsos'oc‘s
860 315 864 324 '
1067 298 1184 382 Υ297

42 517 138 578 cem:
166 476 236 582 quo
256 487 350 556 hello
371 486 537 577 Ancyrae
555 484 668 556 victus
688 475 785 555 esta
807 483 934 557 Gallis:
954 501 1060 582 utque
1081 489 1174 562 Galli
1224 557 1229 569 ,

41 600 215 688 Pergamo
231 591 318 662 victi
334 591 377 658 ab
393 591 527 678 Attalo,
548 589 671 680 Zielan
683 589 873 683 Bithynum
886 593 1085 664 occiderint.
1126 595 1177 668 Ut

42 705 262 772 Ptolemaeus
288 720 365 764 eum
395 695 507 763 denuo
530 709 665 788 captum
686 695 919 781 interfecerit;
958 711 993 767 et
1017 699 1175 794 Antigo-

42 829 131 875 num
149 803 272 870 Andro
285 798 417 892 praelio
431 800 548 868 navali
561 797 757 890 pervicerit.
799 799 849 870 Ut
865 825 885 866 a
900 799 1066 871 Callinico
1078 801 1175 889 fusus
1207 839 1212 848 ·

45 913 89 980 in
110 903 354 997 Mesopotamia
376 902 570 972 Antlochus
590 899 807 970 insidiantem
829 903 897 972 sihi
924 905 1043 997 effugit
1063 908 1176 977 Aria·
1221 891 1226 898 .

48 1037 190 1096 mertem
223 1009 305 1076 dein
332 1020 453 1096 postea
480 1007 639 1074 custodes
657 1006 890 1104 Tryphonis:
931 1031 1000 1102 quo
1023 1035 1051 1080 a.
1066 1012 1174 1082 Gallis

47 1117 180 1196 occiso,
217 1111 380 1181 Seleucus
406 1131 542 1199 quoqne
568 1109 675 1178 frater
695 1105 769 1200 eius
789 1111 952 1200 decessit,
987 1115 1175 1202 maiorem·
1288 1189 1290 1194 ,
1387 1121 1388 1124 ’

47 1245 114 1314 qne
133 1218 284 1286 filiorum
304 1214 378 1283 eius
398 1213 591 1304 Apaturius
610 1213 746 1284 occidit.

219 1397 231 1466 '.
341 1411 571 1486 Paouocns
610 1412 746 1478 Lusus
782 1413 966 1484 XXVIII.

79 1578 82 1591 '
134 1571 269 1643 Octavo
297 1581 332 1636 et
358 1567 524 1636 vicesimo
553 1551 730 1640 volumine
750 1569 966 1639 continentur
989 1571 1084 1642 haec.
1125 1573 1177 1646 Ut
1287 1607 1290 1612 ,

46 1693 185 1748 mortuo
205 1673 288 1764 rege
310 1671 409 1762 Epiri
428 1671 652 1754 Alexandro,
685 1671 905 1741 Laodamiam
928 1675 1091 1766 Epirotae
1112 1701 1178 1756 oo?

46 1782 202 1854 ciderint.
253 1775 414 1864 Dictique
433 1773 472 1838 in
493 1795 636 1839 excessu
657 1771 849 1840 Basternici
869 1789 990 1844 motus.
1039 1779 1089 1852 Ut
1108 1807 1179 1854 rex
1254 1849 1256 1854 ,

42 1871 274 1966 Macedoniae,
290 1875 486 1945 Demetrius
508 1875 553 1941 sit
575 1898 595 1942 a
613 1873 784 1942 Dardanis
805 1873 918 1944 lusus:
950 1902 1018 1968 quo
1040 1899 1177 1955 mortuo

42 1984 272 2060 tutelamfilii
295 1981 366 2048 eius
385 1976 536 2075 l'hilippi
556 1979 706 2068 suscepit
727 1978 944 2065 Antigonus,
977 1983 1037 2072 qui
1056 1984 1178 2056 Thes-

9 2115 13 2126 ·
43 2095 186 2173 saliam,
226 2085 405 2167 Moesiam,
449 2079 586 2150 Cariam
613 2079 768 2170 subegit3
802 2095 837 2148 et
867 2083 994 2151 adiutis
1023 2087 1176 2162 Achaeis

40 2213 170 2269 contra
188 2215 304 2280 regem
325 2191 528 2276 Spartanum
550 2185 774 2274 Cleomenen,
794 2186 888 2278 cepit
902 2187 1177 2265 Lacedaemona:

45 2303 238 2388 amissoque
266 2313 375 2388 regno
405 2289 604 2390 Cleomenes
632 2291 819 2383 Spartanus
840 2291 995 2381 confugit
1015 2296 1178 2366 Alexan-

44 2407 167 2484 driam,
190 2415 290 2488 atque
311 2396 362 2462 ibi
381 2394 520 2460 interiit.
556 2393 695 2462 Dictum
716 2395 750 2460 in
774 2417 919 2464 excessu
937 2399 1065 2474 bellum
1083 2399 1177 2496 llly-

44 2513 172 2593 ricum‚
193 2501 287 2596 quod
308 2497 457 2570 Romani
478 2519 615 2588 gessere
637 2519 714 2565 cum
736 2495 862 2566 Teuta.

252 2663 255 2668 Ι
383 2687 605 2764 Puonocus
632 2687 760 2750 Lrsrtt
781 2645 923 2756 XXIX.

130 2845 406 2920 Uudetricesimo
428 2841 605 2911 volumine
627 2839 846 2909 continentur
866 2841 962 2912 haec.
1013 2845 1084 2916 Res
1109 2874 1176 2940 ge·-

45 2973 120 3028 stae
139 2949 292 3042 Philippi
312 2949 404 3038 regis
426 2947 588 3014 adversus
613 2945 811 3028 Dardanos,
841 2960 876 3012 et
899 2947 1057 3017 Aetolos.
1098 2953 1176 3022 Rc-

42 3061 242 3154 petitaeque
264 3055 345 3120 inde
368 3051 522 3119 Creticae
544 3047 709 3138 origines:
745 3061 824 3138 post
844 3049 939 3118 cuiue
959 3052 1090 3122 insulae
1111 3081 1176 3126 so-

44 3164 222 3242 cietatem,
258 3157 436 3246 Philippus
463 3177 538 3220 cum
559 3151 706 3244 illyriis,
744 3167 778 3219 et
805 3151 994 3240 Dardanis,
1031 3171 1065 3225 et
1092 3183 1176 3228 rur..

44 3291 104 3336 sus
132 3259 269 3331 Aetolis
301 3263 394 3327 bello
424 3250 628 3344 congressus
654 3271 721 3346 est,
759 3255 999 3328 adiuvantibus
1025 3261 1174 3339 Aetolos

42 3367 229 3440 Romanis:
251 3387 320 3454 quo
338 3363 451 3446 finito,
472 3358 587 3428 intulit
606 3361 744 3428 Aetolis
766 3361 903 3428 bellum.

372 3513 604 3624 ¹Pucnooos
636 3555 768 3621 Lreur
801 3557 921 3627 XXX.

137 3699 330 3772 Tricesimo
355 3695 532 3767 volumine
561 3687 778 3764 continentur
804 3696 905 3766 haec·
952 3693 1003 3767 Ut
1037 3688 1174 3771 mortuo

43 3809 247 3880 Ptolemaeo
275 3803 488 3892 Tryphone,
530 3799 620 3866 filius
643 3799 716 3867 eius
737 3799 941 3892 Philopator
961 3803 1174 3873 Antidchum
1240 3807 1243 3810 ·
1324 3827 1327 3834 .

42 3917 163 4002 regem
184 3906 271 3978 vicit
291 3905 464 3995 Raphiae:
501 3905 574 3994 ipse
598 3925 713 3971 amors
739 3905 972 3994 Agathocleae
993 3921 1175 3996 corruptus

45 4013 208 4097 decessit,
233 4011 355 4079 relicto
377 4007 448 4076 filio
470 4007 619 4098 pupillo:
642 4009 678 4074 iu
699 4031 798 4097 quem
820 4031 896 4076 cum
910 4007 1071 4100 Philippo
1090 4034 1173 4102 rege

45 4118 272 4186 Macedonum
295 4113 468 4182 consensit
492 4113 695 4179 Antiochus.
744 4111 895 4203 Philippi
923 4112 1048 4180 deinde
1076 4129 1174 4206 gesta

44 4223 82 4290 in
104 4220 210 4304 Asia,
239 4243 315 4288 cum
336 4217 500 4284 movisset
522 4217 648 4284 Aetola
668 4215 777 4283 bella:
815 4213 979 4306 aquibus
999 4239 1173 4307 reversus,
1297 4218 1314 4306 J

43 4327 174 4394 bellum
193 4323 316 4395 habuit
327 4345 403 4393 cum
419 4319 561 4392 ducibus
575 4317 739 4401 Romanis
753 4319 905 4414 Sulpicio
914 4333 948 4390 et
957 4313 961 4320 ''
968 4319 1172 4414 Flaminino,
