2702 4852
530 95 536 126 (

295 345 491 413 ursrou.
516 349 611 398 nra.
634 349 695 400 rx.
731 349 827 400 car.
857 345 911 404 s„
1051 315 1133 424 ,¹85

26 519 85 570 tarn
104 501 234 574 lacinus
254 503 436 596 impulisse
448 491 639 582 creduntur,
675 497 854 600 Olympias
877 521 967 578 certe
986 507 1162 598 fugientio

25 609 205 696 percussori
225 631 330 698 equos
353 602 487 700 quoque
509 619 727 701 praeparatos
747 607 875 681 habuit.
900 614 978 701 Ipsa
996 612 1130 694 deinde,
1146 623 1184 676 to

25 711 126 776 audita
146 712 238 800 regis
262 737 361 796 nece,
398 737 472 780 cum
494 717 594 782 titulo
615 715 718 782 officii
742 717 784 786 ad
804 706 983 805 eirsequias
1005 737 1130 781 cucurr-

22 813 125 898 risset,
156 815 193 880 in
215 840 314 883 cruce
335 817 514 909 pendentis
537 819 723 885 Pausaniae
746 819 863 909 capiti,
894 819 1012 894 eadent
1031 831 1130 884 nocte

23 939 79 1003 qua
103 916 216 999 venit,
251 943 411 986 coronam
433 945 569 988 auream
591 921 770 1010 imposuit.
805 923 896 1010 quod
922 945 1022 988 nemo
1044 920 1129 986 alius
1204 921 1238 1003 ¹,

23 1019 149 1103 audere,
185 1023 253 1091 nisi
280 1025 381 1106 haec,
426 1025 606 1119 superstite
634 1025 786 1114 Philippi
820 1017 937 1105 filio,
952 1024 1128 1114 potuisset.

22 1122 136 1190 Paucos
160 1125 381 1216 deindepost
403 1125 476 1194 dies
498 1127 644 1195 refixum
665 1151 788 1217 corpus
807 1127 1038 1194 interfectoris
1068 1149 1129 1191 su·
1143 1133 1180 1190 tt

22 1228 259 1317 perfreliquias
285 1231 398 1296 mariti
420 1232 600 1312 cremavit,
636 1246 670 1298 et
689 1234 854 1304 tumulum
876 1231 908 1297 ei
930 1231 1051 1297 eodem
1070 1230 1129 1295 se-

22 1329 60 1394 cit
83 1330 117 1395 in
145 1333 241 1412 loco,
276 1333 517 1424 parentariqne
547 1335 658 1400 eidem
679 1334 877 1425 quotannis,
904 1333 1038 1400 incussa
1059 1353 1129 1422 po·-
1207 1405 1211 1430 ι

19 1435 89 1520 pulo
123 1433 380 1523 superstitione,
419 1435 562 1503 curavit.
614 1437 697 1504 Post
724 1440 808 1504 haec
835 1437 1066 1526 Cleopatram,
1107 1445 1181 1502 at2

21 1560 74 1623 qua
106 1541 205 1627 pulsa
232 1538 382 1628 Philippi
416 1527 793 1624 matrimonio'l'uerat,
828 1541 865 1606 in
891 1539 1030 1631 gremio
1052 1541 1123 1604 eius
1156 1559 1160 1612 ’,

20 1639 101 1727 prius
132 1639 205 1706 filia
239 1642 445 1724 interfecta,
492 1641 591 1708 finire
635 1644 742 1710 vitam
779 1645 961 1734 suspendio
996 1643 1126 1732 coligit,

20 1745 264 1836 spectaculoque
288 1745 467 1834 pendeatis
488 1745 618 1832 ultione
638 1748 748 1836 potita
771 1763 840 1829 est,
877 1749 919 1812 ad
942 1769 1045 1835 quarn
1061 1767 1126 1833 per

18 1846 225 1933 parricidium
260 1848 492 1935 festinaverat.
516 1848 734 1940 “Novissime
761 1849 926 1938 gladium,
962 1869 1031 1936 quo
1056 1871 1121 1915 rex
1140 1857 1177 1913 13

18 1972 185 2036 percussus
220 1965 286 2034 est,
313 1953 472 2042 Apollini
500 1951 562 2018 sub
589 1953 727 2032 nomine
752 1954 918 2042 lllyrtales
944 1971 1127 2018 consecra·
1176 2025 1183 2032 ¹

17 2052 76 2118 tit:
106 2053 173 2120 hoo
208 2055 299 2120 enim
332 2077 458 2122 nomen
493 2068 570 2121 ante
600 2055 815 2145 Olympiadis
851 2055 1015 2143 parvulae
1047 2053 1123 2118 tuit.
1203 2041 1205 2050 Α

19 2153 100 2238 Quae
127 2157 243 2223 omnia
269 2157 318 2224 ita
346 2159 456 2250 palam
477 2157 566 2224 saeta
589 2172 686 2238 sunt,
723 2173 762 2224 ut
782 2157 933 2224 timuisse
953 2155 1122 2237 videatur,
1137 2163 1176 2221 14
1194 2221 1197 2230 ,

18 2281 53 2323 ne
70 2259 201 2329 lacinus
222 2262 265 2327 ab
286 2285 328 2328 ea
349 2262 563 2330 commissum
582 2285 651 2329 non
672 2262 885 2350 probaretur.
1196 2343 1199 2356 Ι

90 2362 188 2432 Car.
220 2389 298 2432 arn.
349 2365 504 2432 Decessit
537 2365 712 2484 Philippus
754 2361 979 2484 quadraginta
1005 2377 1040 2431 et
1067 2389 1124 2432 se·
1139 2377 1154 2430 1
1190 2348 1204 2366 ”

17 2481 96 2554 ptem
124 2489 308 2552 annornm,
338 2491 414 2536 cum
444 2467 686 2555 annisviginti
714 2482 748 2534 et
769 2468 918 2556 quinque
939 2483 1125 2586 regnasset.

18 2569 131 2638 Gennit
154 2595 201 2638 ex
222 2567 397 2639 Larissaea
424 2571 595 2638 saltatrice
614 2570 722 2636 filium
742 2571 942 2656 Aridasum,
964 2571 1025 2659 qui
1045 2583 1155 2658 post2

17 2675 245 2742 Alexandrum
270 2676 440 2765 regnavit.
478 2673 613 2748 ¹Habuit
640 2689 675 2740 et
697 2674 782 2740 alios
803 2675 926 2743 multos
950 2697 996 2764 εις
1016 2674 1154 2741 variis3
1265 2669 1268 2686 '

16 2777 227 2844 matrimoniis
246 2779 342 2868 regio
363 2799 459 2846 more
482 2791 673 2866 susceptos,
703 2778 763 2865 qui
784 2776 908 2866 partim
929 2775 1012 2860 fato,
1038 2801 1125 2866 par-

16 2881 66 2947 tim
85 2882 179 2976 ferro
200 2881 343 2971 periere.
380 2879 462 2948 Fuit
481 2905 549 2946 rex
570 2902 740 2946 armorum
762 2905 863 2970 quam
884 2880 1154 2947 conviviorumt

16 2966 225 3074 apparatibus
248 2984 452 3066 studiosior3
481 2983 535 3050 cni
562 2985 732 3050 maximae
761 3007 843 3072 opes
875 2999 971 3051 erant
992 2969 1120 3050 instra
1135 2997 1153 3051 5

15 3105 117 3155 menta
137 3089 325 3154 bellorum:
367 3085 586 3153 divitiarum
591 3103 734 3176 quaestu
755 3111 857 3176 quam
876 3085 1028 3153 custodia
1049 3091 1123 3154 sol-
1136 3098 1154 3152 6

15 3193 131 3260 lertior.
175 3191 296 3280 Itaque
332 3191 425 3258 inter
458 3191 672 3280 quotidianas
699 3192 834 3282 rapinas
863 3213 996 3278 semper
1021 3190 1123 3282 inops

16 3311 87 3360 erat.
130 3293 366 3362 Misericordia
391 3295 428 3362 in
458 3316 498 3362 eo
529 3309 563 3362 et
593 3294 736 3381 perfidia
764 3295 839 3383 pari
867 3294 941 3360 iure
967 3293 1154 3360 dilectae?
1218 3285 1220 3292 '

13 3399 101 3466 Nulla
129 3399 219 3488 apud
247 3421 324 3464 eum
350 3397 465 3486 turpis
484 3397 573 3464 ratio
600 3397 770 3466 vincendi.
813 3397 963 3468 Blandus
985 3397 1154 3486 pariter,8

15 3518 42 3568 et
72 3502 256 3570 insidiosus
293 3502 460 3592 alloqui03
508 3501 567 3592 qui
601 3504 701 3592 plura
739 3501 979 3595 promitteret,
1022 3499 1123 3590 quam

13 3621 206 3694 praestaret:
241 3606 279 3672 in
300 3605 389 3672 seria
412 3620 445 3671 et
466 3605 561 3672 iocos
583 3605 719 3672 artifex.
760 3603 943 3671 Amicitias
967 3603 1156 3688 utilitate,9

13 3734 73 3777 non
93 3711 162 3777 fide
184 3709 327 3776 colebat.
372 3707 524 3775 Gratiam
543 3708 671 3799 fingere
694 3709 731 3776 in
752 3709 849 3791 odio,
875 3707 912 3773 in
932 3707 1042 3796 gratia
1064 3707 1125 3773 of-

13 3814 135 3880 fensam
177 3813 357 3895 simulare,
399 3812 567 3880 instruere
609 3813 701 3880 inter
742 3811 985 3879 concordantes
1027 3802 1123 3894 odia,
1217 3895 1223 3908 ⁵
1302 3815 1306 3824 '

13 3919 94 4008 apud
109 3918 288 4004 utrumque
301 3914 445 4004 gratiam
460 3939 633 4010 quaerere,
655 3915 814 3984 solemnis
833 3913 885 3983 illi
906 3915 1124 3981 consuetudo.

385 4093 388 4098 ν
444 4075 517 4119 nav.
538 4077 629 4118 naor.
651 4075 773 4118 suanm
854 4063 858 4074 '

51 4234 130 4298 Car.
164 4253 225 4296 un.
260 4226 285 4312 l.
311 4237 362 4296 12.
390 4222 583 4292 ultionem
603 4229 698 4314 potita
719 4245 771 4291 est.

263 4339 288 4419 l.
314 4343 363 4398 13.
393 4331 553 4417 Myrtalis.
