2796 4866
236 283 294 355 n‘a
318 267 467 358 ancer
487 263 798 376 sorahnunur.
821 309 875 356 uu
891 309 1016 364 acor.
1168 309 1209 360 ιι

38 467 163 557 egregias
190 447 345 538 virorum
367 471 544 538 doctorum
567 472 992 563 disquisitiones²uondnm
1013 488 1127 542 tamen
1151 500 1210 544 se·-

37 556 68 620 tis
84 553 157 620 mibi
176 557 336 644 exposita
357 557 534 638 videntur,
556 563 806 646 praemonenda
830 560 926 639 duco,
951 560 1092 646 quibus,
1112 567 1210 650 quale

37 641 68 706 sit
84 663 173 705 omne
187 636 288 707 illud
300 643 463 710 historiae
484 645 682 725 scribendae
696 669 825 733 genus,
852 647 942 734 quod
964 645 1100 732 'l'rogns
1121 671 1211 748 qoo-

38 749 83 811 que
101 725 276 826 Pompeius
297 731 474 817 amplexus
497 743 565 808 est,
590 733 714 795 melius.
732 743 855 816 pateat.
897 727 1061 798 Graeciae
1083 729 1235 800 scillcet·
1291 809 1299 818 „
1373 723 1374 734 ἵ

36 809 140 880 incolae
168 835 245 877 cum
265 835 333 884 saur
356 837 373 878 a
396 815 516 910 priu'tis‘
537 815 641 880 initiis
663 815 700 880 in
722 817 841 896 multas
863 829 979 912 gentes
1003 831 1037 882 st
1055 816 1211 884 ciuitates

38 908 124 958 assent
138 896 293 979 divisae,
317 896 407 978 ,liert
433 920 502 966 nou
526 900 652 985 potuit,
688 901 770 988 quin
792 922 901 965 omme
926 901 1027 965 etiam
1048 901 1212 970 historiae

37 981 204 1046 tractandae
233 983 322 1049 ratio
353 1005 396 1052 eo
419 984 664 1049 immutaretur.
708 982 804 1067 Quae
833 983 921 1050 enim
950 1008 995 1050 ex
1023 987 1213 1073 priscorum

37 1077 198 1150 temporum
209 1068 374 1134 memoria
388 1071 610 1136 servabantur
621 1069 757 1148 tradita,
766 1069 799 1134 si
813 1069 902 1138 forte
914 1073 1092 1138 nonnullas
1102 1095 1213 1160 expe-

40 1149 157 1215 ditiones
172 1154 350 1237 exceperis
360 1155 530 1220 communi
546 1155 654 1219 Marte
668 1169 856 1242 susceptas,
877 1155 919 1220 ad
936 1145 1084 1244 siirgulos
1100 1154 1214 1223 Grae-

37 1234 91 1298 ciae
109 1235 248 1324 populos
271 1253 423 1326 spectare
446 1241 631 1320 debebant,
652 1239 831 1306 universae
849 1253 959 1304 autem
975 1239 1084 1328 gentis
1099 1244 1214 1310 histo-

38 1319 77 1383 ria
94 1321 235 1388 existere
254 1327 348 1390 nullo
370 1325 471 1390 modo
493 1339 634 1411 poterat.
678 1323 825 1392 Primum
846 1324 960 1412 itaque
982 1323 1134 1392 Graecae
1154 1328 1215 1394 hi÷

38 1406 139 1472 sturiae
156 1406 316 1489 fundum,
339 1433 481 1498 eumque
503 1409 570 1476 iam
590 1433 653 1497 per
673 1429 709 1476 se
732 1408 988 1498 amplissimum,
1011 1413 1216 1488 constituere

38 1490 179 1558 debebant
201 1495 411 1561 narrationes
430 1497 504 1560 de*
522 1496 666 1574 eutium,
702 1495 835 1578 urbium
856 1504 889 1560 el
910 1495 1118 1562 coloniarum
1139 1497 1215 1562 ori-

37 1575 146 1673 ginibus
167 1593 204 1642 et
222 1579 457 1674 incrementis,
511 1582 691 1676 educam,
715 1579 906 1678 principum
928 1581 1124 1678 etuheroum
1145 1605 1215 1648 ex*
1321 1628 1325 1634 .
1373 1625 1374 1628 =

35 1662 242 1747 petitionibus
265 1664 409 1730 stlatis.
448 1665 544 1750 Quae
565 1671 725 1754 comper
748 1667 861 1752 plures
883 1667 1057 1732 hommum
1078 1682 1215 1746 aetates,
1292 1693 1320 1713 ·“

37 1758 92 1810 arte
111 1747 280 1823 scribendi
301 1753 359 1815 vel
378 1754 527 1818 noudum
547 1751 703 1831 inventa,
731 1753 789 1817 vel
811 1752 960 1816 nondum
982 1751 1120 1834 usitate,
1144 1753 1216 1830 sola

37 1843 141 1896 tantum
162 1833 348 1902 traditione
369 1837 404 1900 iu
428 1857 488 1902 ore
509 1837 683 1902 homiuum
710 1836 885 1914 virerent,
924 1837 989 1901 boc
1019 1835 1095 1925 ipso
1123 1838 1238 1908 iam-.
1339 1867 1350 1876 ·

37 1913 86 1980 iau
104 1917 194 1984 varie
213 1919 341 1986 inflexa
363 1921 607 2008 etimmutata,
642 1921 749 1986 multo
775 1920 883 2007 magis
911 1919 1010 1986 etiam
1038 1925 1216 2010 poiitarnm

36 2001 164 2088 ingeniis.
175 2029 216 2070 ac
231 2005 398 2091 figmentis
414 2019 578 2073 exornate
595 2020 688 2086 sunt,
711 2007 787 2094 qui,
812 2007 1003 2094 poematum
1020 2020 1216 2094 argumenta

37 2084 97 2150 iude
115 2103 287 2174 petentes,
313 2116 332 2156 e
356 2090 419 2156 iuis
440 2091 661 2172 carminibus,
688 2092 808 2180 quibus
831 2093 957 2156 nullum
980 2090 1080 2174 alium
1101 2101 1215 2181 popu*

37 2171 87 2236 lun
104 2176 208 2262 magis
230 2115 578 2259 abundissec‘oustat,
600 2199 639 2241 ea
660 2177 882 2244 celebrabant.
926 2173 1053 2258 Quare,
1074 2199 1151 2244 cum
1171 2177 1216 2246 de

38 2259 130 2323 critica
150 2275 224 2326 arte
245 2262 280 2326 in
302 2262 442 2328 historia
466 2261 654 2346 adhibenda
684 2282 784 2328 nemo
810 2261 869 2326 illa
898 2277 1007 2337 aetate
1033 2285 1095 2328 uec
1117 2263 1216 2354 cogi-

39 2353 120 2424 taret,
139 2369 204 2413 nec
224 2346 323 2412 facile
343 2348 494 2434 cogitare
516 2363 647 2436 posset,
669 2346 744 2414 fieri
762 2368 837 2414 uon
856 2347 981 2432 potuit,
1004 2346 1084 2434 quin
1106 2349 1215 2416 omnis

39 2427 154 2496 historia
169 2431 378 2499 Graecorum
395 2433 530 2520 antiqua
546 2433 733 2502 fabulosam
749 2431 895 2522 speciem
909 2432 1076 2513 indueret,
1091 2435 1217 2522 quippe
1295 2435 1296 2442 '

41 2537 104 2600 qnae
130 2539 198 2582 nou
229 2518 271 2582 ad
299 2523 383 2582 uera
412 2519 641 2605 exploranda,
674 2517 733 2582 sed
763 2518 805 2582 ad
828 2517 1082 2610 delectationem
1105 2519 1216 2606 potius

41 2603 199 2697 parandam
229 2603 414 2688 composita
445 2615 543 2668 esset.
586 2603 730 2688 Excepit
756 2603 841 2666 hanc
870 2615 1011 2681 aetatem
1039 2603 1217 2752 poeticam,

40 2685 99 2749 rude
117 2689 158 2751 ab
178 2687 279 2753 initio
302 2690 467 2754 bellorum
488 2711 564 2754 cum
582 2687 710 2764 Persis,
733 2701 822 2752 aetas
844 2685 1019 2768 historica,
1066 2689 1218 2756 oreutis-
1248 2734 1252 2747 x

40 2771 103 2836 sima
122 2771 288 2838 Graeciae
315 2789 469 2862 tempora
501 2797 606 2860 usque
634 2773 677 2837 ad
703 2769 912 2862 Macedonici
944 2770 1079 2859 imperii
1100 2773 1217 2840 iucre-

41 2871 127 2922 ueuta
149 2861 342 2946 complexa.
385 2859 502 2924 Aliam
531 2861 667 2946 quidem
695 2857 762 2954 iam
792 2855 912 2920 faciem
934 2855 1044 2920 induit
1063 2855 1218 2942 historia,

40 2943 188 3010 cuniam
219 2959 444 3032 exsurgerent
470 2943 669 3030 scriptores,
705 2965 762 3028 qur
792 2963 927 3006 suorum
953 2953 1141 3030 temporum
1156 2965 1219 3028 xres

41 3042 127 3112 gestas
149 3045 184 3096 et
205 3030 445 3096 conversiones
466 3030 704 3108 describerent,
723 3028 818 3094 velut
840 3026 1071 3115 Thucydides,
1088 3026 1220 3120 ¹Xeno--

40 3114 111 3200 pbcn
143 3129 187 3180 et·
210 3115 284 3201 ipse
316 3115 566 3203 quodammodo
595 3115 661 3180 iam
691 3111 851 3180 historiae
883 3127 978 3198 pater
1005 3111 1219 3200 Herodotum

40 3201 197 3266 manebant
219 3215 330 3274 tamen
353 3217 412 3265 ea'e
433 3199 661 3286 difficultates,
696 3221 780 3286 quae
802 3221 849 3263 ex
870 3197 1043 3262 civitatum
1066 3195 1219 3286 Graeca-

41 3303 97 3348 rum
122 3286 289 3362 varietate
319 3285 478 3373 et-,copia
506 3286 598 3352 nasci
625 3285 801 3350 debebant.
831 3283 971 3348 Aliam
993 3282 1219 3371 itaqee‘viam
1277 3335 1282 3345 s

40 3366 162 3453 ingressi
191 3375 390 3459 plerumque
418 3394 480 3436 nec
508 3370 687 3436 universae
715 3367 893 3446 Graeciae,
929 3390 990 3432 nec
1012 3367 1219 3456 singularum

42 3454 195 3522 civitatum
219 3455 394 3522 historiam
416 3456 621 3524 tractandam
646 3455 711 3522 sibi
732 3453 922 3532 sumebant,
958 3453 1017 3518 sed
1036 3477 1092 3520 ,ex
1117 3456 1219 3526 rebus

42 3541 255 3627 magnitudine
281 3565 340 3608 sua
366 3540 513 3615 maxime
542 3529 816 3619 mamhrabilibus
844 3538 993 3624 singulas
1015 3535 1081 3604 sibi
1110 3539 1240 3628 elige·-

43 3623 120 3706 bant,
148 3643 187 3692 ut
202 3626 404 3696 -Herodotua
426 3626 587 3692 Graeciae
608 3651 627 3692 a
647 3625 824 3692 Persarum
846 3621 1070 3709 occupatione
1089 3626 1221 3692 libera-

42 3708 165 3792 tionem,
203 3705 425 3800 Thucydides
460 3711 586 3780 bellum
619 3712 710 3798 quod
735 3705 862 3776 'vocant
890 3708 1221 3792 Peloponnesiacum,

23 3791 218 3884 ,Xenophon
247 3795 406 3876 anabasis
435 3797 550 3862 decem
580 3797 721 3883 millium
749 3819 794 3862 ex
822 3793 918 3858 Asia.
969 3793 1077 3862 Maius
1111 3807 1222 3860 tamen

43 3875 94 3944 iam
114 3881 290 3948 consilium
312 3881 401 3969 cepit
423 3881 636 3963 Herodotus,
677 3882 714 3948 iu
743 3882 846 3968 rebus
877 3879 1071 3966 digerendis
1100 3883 1224 3970 politas,-

44 3985 101 4028 rum
126 3971 245 4051 procul
275 3967 380 4034 dubio
408 3969 583 4052 epicorum
609 3967 695 4036 vesti
708 3966 754 4032 ria
783 3977 931 4041 secutus,
967 3978 1006 4030 ut
1029 3980 1223 4064 argumente

45 4049 356 4142 principiepisodia
377 4053 565 4133 intexeret,
588 4053 621 4118 in
643 3992 764 4140 quibus
786 4053 969 4139 regnorum
993 4064 1027 4116 et
1048 4051 1223 4123 archatum

46 4156 91 4199 sua
104 4152 211 4228 astate
226 4140 376 4206 maxime
389 4137 575 4226 insignium
588 4138 658 4204 fata
673 4149 879 4226 exponeret,
898 4136 933 4202 iu
956 4154 1023 4224 quo
1044 4149 1139 4202 tauta
1154 4151 1226 4217 arte

47 4239 182 4297 versatus
202 4239 263 4305 est,
284 4239 321 4292 ut
341 4225 551 4312 superiorem
570 4239 610 4290 se'
627 4223 769 4290 sortasse
791 4225 913 4288 babeat
933 4219 1111 4290 neminem.
1138 4221 1224 4288 Cre·-

23 4303 25 4424 ζ
47 4325 121 4372 scere
140 4323 254 4378 tamen
266 4333 409 4390 necesse
432 4325 504 4380 enat
524 4305 934 4410 impedimenta,.ex.ipsa
949 4329 1062 4456 herpes
1077 4327 1221 4375 mnume-
