<?xml version="1.0" encoding="UTF-8"?>
<!DOCTYPE html PUBLIC "-//W3C//DTD XHTML 1.0 Transitional//EN"
    "http://www.w3.org/TR/xhtml1/DTD/xhtml1-transitional.dtd">
<html xmlns="http://www.w3.org/1999/xhtml" xml:lang="en" lang="en">
 <head>
  <title>
</title>
<meta http-equiv="Content-Type" content="text/html;charset=utf-8" />
  <meta name='ocr-system' content='tesseract 3.04.00' />
  <meta name='ocr-capabilities' content='ocr_page ocr_carea ocr_par ocr_line ocrx_word'/>
</head>
<body>
  <div class='ocr_page' id='page_1' title='image "./historiaephilip01justgoog_0078.png"; bbox 0 0 2740 4854; ppageno 0'>
   <div class='ocr_carea' id='block_1_1' title="bbox 99 280 1272 420">
    <p class='ocr_par' dir='ltr' id='par_1_1' title="bbox 99 280 1272 420">
     <span class='ocr_line' id='line_1_1' title="bbox 99 280 1272 420; baseline -0.005 -43"><span class='ocrx_word' id='word_1_1' title='bbox 99 377 104 384; x_wconf 80' lang='grc'><em>,</em></span> <span class='ocrx_word' id='word_1_2' title='bbox 218 323 603 376; x_wconf 67' lang='lat' dir='ltr'><strong>narasse-,rosan</strong></span> <span class='ocrx_word' id='word_1_3' title='bbox 630 321 793 374; x_wconf 77' lang='lat' dir='ltr'><strong>nourr.</strong></span> <span class='ocrx_word' id='word_1_4' title='bbox 821 319 1058 420; x_wconf 52' lang='lat' dir='ltr'><strong>sau-suom</strong></span> <span class='ocrx_word' id='word_1_5' title='bbox 1129 280 1237 392; x_wconf 42' lang='lat' dir='ltr'><strong>axru&#39;,</strong></span> <span class='ocrx_word' id='word_1_6' title='bbox 1271 319 1272 324; x_wconf 70' lang='grc'>’</span> 
     </span>
    </p>
   </div>
   <div class='ocr_carea' id='block_1_2' title="bbox 28 483 1225 919">
    <p class='ocr_par' dir='ltr' id='par_1_2' title="bbox 28 483 1225 919">
     <span class='ocr_line' id='line_1_2' title="bbox 28 483 1223 584; baseline -0.006 -27"><span class='ocrx_word' id='word_1_7' title='bbox 28 513 93 558; x_wconf 88' lang='lat' dir='ltr'><strong>cum</strong></span> <span class='ocrx_word' id='word_1_8' title='bbox 119 501 156 556; x_wconf 85' lang='lat' dir='ltr'><strong>et</strong></span> <span class='ocrx_word' id='word_1_9' title='bbox 178 487 389 568; x_wconf 84' lang='lat' dir='ltr'><strong>Bactricum;</strong></span> <span class='ocrx_word' id='word_1_10' title='bbox 424 507 609 576; x_wconf 87' lang='lat' dir='ltr'><strong>quaecum</strong></span> <span class='ocrx_word' id='word_1_11' title='bbox 635 485 710 574; x_wconf 82' lang='lat' dir='ltr'><strong>ipsa</strong></span> <span class='ocrx_word' id='word_1_12' title='bbox 731 485 871 584; x_wconf 78' lang='lat' dir='ltr'><strong>&#39;quoque</strong></span> <span class='ocrx_word' id='word_1_13' title='bbox 898 507 945 550; x_wconf 83' lang='lat' dir='ltr'><strong>ex</strong></span> <span class='ocrx_word' id='word_1_14' title='bbox 971 483 1223 552; x_wconf 82' lang='lat' dir='ltr'><strong>Sele&#39;noidsruni</strong></span> 
     </span>
     <span class='ocr_line' id='line_1_3' title="bbox 28 571 1225 664; baseline -0.006 -23"><span class='ocrx_word' id='word_1_15' title='bbox 28 576 167 664; x_wconf 89' lang='lat' dir='ltr'><strong>imperio</strong></span> <span class='ocrx_word' id='word_1_16' title='bbox 188 573 508 662; x_wconf 78' lang='lat' dir='ltr'><strong>progerminassent,</strong></span> <span class='ocrx_word' id='word_1_17' title='bbox 530 571 663 646; x_wconf 87' lang='lat' dir='ltr'><strong>silentio</strong></span> <span class='ocrx_word' id='word_1_18' title='bbox 687 579 869 658; x_wconf 80' lang='lat' dir='ltr'><strong>praeterire</strong></span> <span class='ocrx_word' id='word_1_19' title='bbox 888 592 952 660; x_wconf 92' lang='lat' dir='ltr'><strong>pro</strong></span> <span class='ocrx_word' id='word_1_20' title='bbox 975 571 1116 637; x_wconf 88' lang='lat' dir='ltr'><strong>consilio</strong></span> <span class='ocrx_word' id='word_1_21' title='bbox 1136 591 1225 658; x_wconf 86' lang='lat' dir='ltr'><strong>ope-</strong></span> 
     </span>
     <span class='ocr_line' id='line_1_4' title="bbox 28 657 1225 748; baseline -0.003 -22"><span class='ocrx_word' id='word_1_22' title='bbox 28 665 67 726; x_wconf 86' lang='lat' dir='ltr'><strong>ris</strong></span> <span class='ocrx_word' id='word_1_23' title='bbox 89 661 149 726; x_wconf 88' lang='lat' dir='ltr'><strong>sui</strong></span> <span class='ocrx_word' id='word_1_24' title='bbox 168 658 350 746; x_wconf 88' lang='lat' dir='ltr'><strong>Pompeius</strong></span> <span class='ocrx_word' id='word_1_25' title='bbox 369 671 485 731; x_wconf 82' lang='lat' dir='ltr'><strong>noster</strong></span> <span class='ocrx_word' id='word_1_26' title='bbox 505 679 573 723; x_wconf 91' lang='lat' dir='ltr'><strong>uon</strong></span> <span class='ocrx_word' id='word_1_27' title='bbox 591 657 711 746; x_wconf 87' lang='lat' dir='ltr'><strong>potuit.</strong></span> <span class='ocrx_word' id='word_1_28' title='bbox 754 657 970 724; x_wconf 88' lang='lat' dir='ltr'><strong>Probandum</strong></span> <span class='ocrx_word' id='word_1_29' title='bbox 998 673 1109 726; x_wconf 89' lang='lat' dir='ltr'><strong>autem</strong></span> <span class='ocrx_word' id='word_1_30' title='bbox 1136 675 1225 748; x_wconf 89' lang='lat' dir='ltr'><strong>pro-</strong></span> 
     </span>
     <span class='ocr_line' id='line_1_5' title="bbox 29 741 1223 834; baseline 0.003 -24"><span class='ocrx_word' id='word_1_31' title='bbox 29 749 74 811; x_wconf 89' lang='lat' dir='ltr'><strong>cul</strong></span> <span class='ocrx_word' id='word_1_32' title='bbox 94 746 204 812; x_wconf 88' lang='lat' dir='ltr'><strong>dubio</strong></span> <span class='ocrx_word' id='word_1_33' title='bbox 224 745 261 810; x_wconf 89' lang='lat' dir='ltr'><strong>in</strong></span> <span class='ocrx_word' id='word_1_34' title='bbox 282 757 391 816; x_wconf 80' lang='lat' dir='ltr'><strong>coest</strong></span> <span class='ocrx_word' id='word_1_35' title='bbox 411 743 585 834; x_wconf 88' lang='lat' dir='ltr'><strong>scriptoris</strong></span> <span class='ocrx_word' id='word_1_36' title='bbox 605 741 776 824; x_wconf 83' lang='lat' dir='ltr'><strong>iudicium,</strong></span> <span class='ocrx_word' id='word_1_37' title='bbox 797 742 889 830; x_wconf 92' lang='lat' dir='ltr'><strong>quod</strong></span> <span class='ocrx_word' id='word_1_38' title='bbox 906 764 1023 809; x_wconf 88' lang='lat' dir='ltr'><strong>eorum</strong></span> <span class='ocrx_word' id='word_1_39' title='bbox 1038 746 1223 831; x_wconf 79' lang='lat' dir='ltr'><strong>historiam,</strong></span> 
     </span>
     <span class='ocr_line' id='line_1_6' title="bbox 29 823 1224 919; baseline 0.004 -24"><span class='ocrx_word' id='word_1_40' title='bbox 29 831 151 919; x_wconf 88' lang='lat' dir='ltr'><strong>quippe</strong></span> <span class='ocrx_word' id='word_1_41' title='bbox 173 853 260 919; x_wconf 89' lang='lat' dir='ltr'><strong>quae</strong></span> <span class='ocrx_word' id='word_1_42' title='bbox 281 828 390 894; x_wconf 85' lang='lat' dir='ltr'><strong>minus</strong></span> <span class='ocrx_word' id='word_1_43' title='bbox 413 844 504 894; x_wconf 84' lang='lat' dir='ltr'><strong>arete</strong></span> <span class='ocrx_word' id='word_1_44' title='bbox 523 851 599 892; x_wconf 90' lang='lat' dir='ltr'><strong>cum</strong></span> <span class='ocrx_word' id='word_1_45' title='bbox 620 823 760 915; x_wconf 87' lang='lat' dir='ltr'><strong>reliquis</strong></span> <span class='ocrx_word' id='word_1_46' title='bbox 781 827 957 893; x_wconf 87' lang='lat' dir='ltr'><strong>coniuncta</strong></span> <span class='ocrx_word' id='word_1_47' title='bbox 978 844 1080 912; x_wconf 88' lang='lat' dir='ltr'><strong>esset,</strong></span> <span class='ocrx_word' id='word_1_48' title='bbox 1115 855 1159 898; x_wconf 88' lang='lat' dir='ltr'><strong>ne</strong></span> <span class='ocrx_word' id='word_1_49' title='bbox 1186 833 1224 901; x_wconf 92' lang='lat' dir='ltr'><strong>in</strong></span> 
     </span>
    </p>
   </div>
   <div class='ocr_carea' id='block_1_3' title="bbox 28 911 1318 997">
    <p class='ocr_par' dir='ltr' id='par_1_3' title="bbox 28 911 1318 997">
     <span class='ocr_line' id='line_1_7' title="bbox 28 911 1318 997; baseline 0.005 -17"><span class='ocrx_word' id='word_1_50' title='bbox 28 930 113 982; x_wconf 90' lang='lat' dir='ltr'><strong>tanta</strong></span> <span class='ocrx_word' id='word_1_51' title='bbox 145 939 259 981; x_wconf 88' lang='lat' dir='ltr'><strong>rerum</strong></span> <span class='ocrx_word' id='word_1_52' title='bbox 287 915 451 980; x_wconf 86' lang='lat' dir='ltr'><strong>varietate</strong></span> <span class='ocrx_word' id='word_1_53' title='bbox 479 916 643 978; x_wconf 86' lang='lat' dir='ltr'><strong>lectorum</strong></span> <span class='ocrx_word' id='word_1_54' title='bbox 665 911 792 997; x_wconf 79' lang='lat' dir='ltr'><strong>aniruos</strong></span> <span class='ocrx_word' id='word_1_55' title='bbox 814 913 1032 994; x_wconf 74' lang='lat' dir='ltr'><strong>distraheret,</strong></span> <span class='ocrx_word' id='word_1_56' title='bbox 1069 917 1224 988; x_wconf 85' lang='lat' dir='ltr'><strong>adhunc</strong></span> <span class='ocrx_word' id='word_1_57' title='bbox 1312 979 1318 996; x_wconf 87' lang='lat'>‚</span> 
     </span>
    </p>
   </div>
   <div class='ocr_carea' id='block_1_4' title="bbox 27 997 1318 2367">
    <p class='ocr_par' dir='ltr' id='par_1_4' title="bbox 27 997 1318 2367">
     <span class='ocr_line' id='line_1_8' title="bbox 28 997 1223 1090; baseline 0.003 -24"><span class='ocrx_word' id='word_1_58' title='bbox 28 1021 129 1090; x_wconf 90' lang='lat' dir='ltr'><strong>usque</strong></span> <span class='ocrx_word' id='word_1_59' title='bbox 151 1001 263 1066; x_wconf 89' lang='lat' dir='ltr'><strong>locum</strong></span> <span class='ocrx_word' id='word_1_60' title='bbox 285 997 426 1082; x_wconf 79' lang='lat' dir='ltr'><strong>reiicere</strong></span> <span class='ocrx_word' id='word_1_61' title='bbox 447 998 567 1064; x_wconf 85' lang='lat' dir='ltr'><strong>voluit.</strong></span> <span class='ocrx_word' id='word_1_62' title='bbox 609 997 762 1064; x_wconf 87' lang='lat' dir='ltr'><strong>Exorsus</strong></span> <span class='ocrx_word' id='word_1_63' title='bbox 783 998 896 1086; x_wconf 87' lang='lat' dir='ltr'><strong>itaque</strong></span> <span class='ocrx_word' id='word_1_64' title='bbox 917 1001 975 1066; x_wconf 91' lang='lat' dir='ltr'><strong>lib.</strong></span> <span class='ocrx_word' id='word_1_65' title='bbox 989 999 1078 1070; x_wconf 90' lang='lat' dir='ltr'><strong>XLI.</strong></span> <span class='ocrx_word' id='word_1_66' title='bbox 1100 1027 1120 1068; x_wconf 93' lang='lat' dir='ltr'><strong>a</strong></span> <span class='ocrx_word' id='word_1_67' title='bbox 1139 1001 1223 1070; x_wconf 87' lang='lat' dir='ltr'><strong>Par-</strong></span> 
     </span>
     <span class='ocr_line' id='line_1_9' title="bbox 27 1082 1224 1176; baseline -0.003 -25"><span class='ocrx_word' id='word_1_68' title='bbox 27 1087 102 1151; x_wconf 85' lang='lat' dir='ltr'><strong>thici</strong></span> <span class='ocrx_word' id='word_1_69' title='bbox 123 1084 224 1173; x_wconf 86' lang='lat' dir='ltr'><strong>regni</strong></span> <span class='ocrx_word' id='word_1_70' title='bbox 243 1083 364 1165; x_wconf 85' lang='lat' dir='ltr'><strong>initiis,</strong></span> <span class='ocrx_word' id='word_1_71' title='bbox 385 1099 490 1172; x_wconf 78' lang='lat' dir='ltr'><strong>utque</strong></span> <span class='ocrx_word' id='word_1_72' title='bbox 511 1083 554 1148; x_wconf 86' lang='lat' dir='ltr'><strong>ad</strong></span> <span class='ocrx_word' id='word_1_73' title='bbox 576 1082 804 1150; x_wconf 81' lang='lat' dir='ltr'><strong>Mithridatem</strong></span> <span class='ocrx_word' id='word_1_74' title='bbox 823 1107 863 1151; x_wconf 83' lang='lat' dir='ltr'><strong>re</strong></span> <span class='ocrx_word' id='word_1_75' title='bbox 887 1107 956 1164; x_wconf 83' lang='lat' dir='ltr'><strong>em,</strong></span> <span class='ocrx_word' id='word_1_76' title='bbox 977 1087 1038 1150; x_wconf 87' lang='lat' dir='ltr'><strong>sub</strong></span> <span class='ocrx_word' id='word_1_77' title='bbox 1060 1109 1128 1176; x_wconf 92' lang='lat' dir='ltr'><strong>quo</strong></span> <span class='ocrx_word' id='word_1_78' title='bbox 1149 1111 1224 1156; x_wconf 85' lang='lat' dir='ltr'><strong>ma.</strong></span> 
     </span>
     <span class='ocr_line' id='line_1_10' title="bbox 28 1165 1224 1256; baseline 0.005 -20"><span class='ocrx_word' id='word_1_79' title='bbox 28 1172 113 1237; x_wconf 83' lang='lat' dir='ltr'><strong>xime</strong></span> <span class='ocrx_word' id='word_1_80' title='bbox 145 1171 270 1251; x_wconf 84' lang='lat' dir='ltr'><strong>crevit,</strong></span> <span class='ocrx_word' id='word_1_81' title='bbox 306 1191 345 1233; x_wconf 89' lang='lat' dir='ltr'><strong>ea</strong></span> <span class='ocrx_word' id='word_1_82' title='bbox 370 1169 599 1256; x_wconf 78' lang='lat' dir='ltr'><strong>prosequitur.</strong></span> <span class='ocrx_word' id='word_1_83' title='bbox 641 1165 778 1234; x_wconf 84' lang='lat' dir='ltr'><strong>Dictum</strong></span> <span class='ocrx_word' id='word_1_84' title='bbox 799 1167 853 1233; x_wconf 91' lang='lat' dir='ltr'><strong>ibi</strong></span> <span class='ocrx_word' id='word_1_85' title='bbox 874 1190 926 1234; x_wconf 88' lang='lat' dir='ltr'><strong>em</strong></span> <span class='ocrx_word' id='word_1_86' title='bbox 950 1169 986 1234; x_wconf 92' lang='lat' dir='ltr'><strong>in</strong></span> <span class='ocrx_word' id='word_1_87' title='bbox 1011 1193 1157 1240; x_wconf 82' lang='lat' dir='ltr'><strong>excursu</strong></span> <span class='ocrx_word' id='word_1_88' title='bbox 1179 1175 1224 1242; x_wconf 85' lang='lat' dir='ltr'><strong>de</strong></span> 
     </span>
     <span class='ocr_line' id='line_1_11' title="bbox 28 1253 1224 1348; baseline 0.003 -26"><span class='ocrx_word' id='word_1_89' title='bbox 28 1255 165 1322; x_wconf 85' lang='lat' dir='ltr'><strong>Arabia.</strong></span> <span class='ocrx_word' id='word_1_90' title='bbox 208 1255 289 1322; x_wconf 90' lang='lat' dir='ltr'><strong>Post</strong></span> <span class='ocrx_word' id='word_1_91' title='bbox 307 1255 390 1320; x_wconf 90' lang='lat' dir='ltr'><strong>haec</strong></span> <span class='ocrx_word' id='word_1_92' title='bbox 408 1254 532 1341; x_wconf 87' lang='lat' dir='ltr'><strong>repetit</strong></span> <span class='ocrx_word' id='word_1_93' title='bbox 553 1253 723 1318; x_wconf 82' lang='lat' dir='ltr'><strong>Bactriani</strong></span> <span class='ocrx_word' id='word_1_94' title='bbox 743 1253 841 1340; x_wconf 84' lang='lat' dir='ltr'><strong>regui</strong></span> <span class='ocrx_word' id='word_1_95' title='bbox 860 1253 1058 1335; x_wconf 66' lang='lat' dir='ltr'><strong>historiam,</strong></span> <span class='ocrx_word' id='word_1_96' title='bbox 1083 1281 1224 1348; x_wconf 87' lang='lat' dir='ltr'><strong>eamque</strong></span> 
     </span>
     <span class='ocr_line' id='line_1_12' title="bbox 29 1337 1313 1430; baseline 0.004 -24"><span class='ocrx_word' id='word_1_97' title='bbox 29 1365 127 1430; x_wconf 86' lang='lat' dir='ltr'><strong>nsque</strong></span> <span class='ocrx_word' id='word_1_98' title='bbox 152 1340 196 1406; x_wconf 92' lang='lat' dir='ltr'><strong>ad</strong></span> <span class='ocrx_word' id='word_1_99' title='bbox 216 1337 387 1406; x_wconf 91' lang='lat' dir='ltr'><strong>interitum</strong></span> <span class='ocrx_word' id='word_1_100' title='bbox 408 1342 480 1404; x_wconf 88' lang='lat' dir='ltr'><strong>eius</strong></span> <span class='ocrx_word' id='word_1_101' title='bbox 502 1338 673 1430; x_wconf 76' lang='lat' dir='ltr'><strong>perducit}</strong></span> <span class='ocrx_word' id='word_1_102' title='bbox 709 1338 768 1404; x_wconf 90' lang='lat' dir='ltr'><strong>ubi</strong></span> <span class='ocrx_word' id='word_1_103' title='bbox 790 1338 887 1406; x_wconf 87' lang='lat' dir='ltr'><strong>simul</strong></span> <span class='ocrx_word' id='word_1_104' title='bbox 910 1339 952 1404; x_wconf 90' lang='lat' dir='ltr'><strong>de</strong></span> <span class='ocrx_word' id='word_1_105' title='bbox 973 1339 1098 1408; x_wconf 88' lang='lat' dir='ltr'><strong>indicis</strong></span> <span class='ocrx_word' id='word_1_106' title='bbox 1119 1345 1223 1416; x_wconf 89' lang='lat' dir='ltr'><strong>rebus</strong></span> <span class='ocrx_word' id='word_1_107' title='bbox 1264 1379 1268 1384; x_wconf 95' lang='lat'>·</span> <span class='ocrx_word' id='word_1_108' title='bbox 1307 1369 1313 1382; x_wconf 89' lang='lat'><strong>·</strong></span> 
     </span>
     <span class='ocr_line' id='line_1_13' title="bbox 29 1423 1225 1524; baseline 0.001 -31"><span class='ocrx_word' id='word_1_109' title='bbox 29 1425 185 1514; x_wconf 86' lang='lat' dir='ltr'><strong>loquendi</strong></span> <span class='ocrx_word' id='word_1_110' title='bbox 202 1423 437 1524; x_wconf 80' lang='lat' dir='ltr'><strong>opportunitas</strong></span> <span class='ocrx_word' id='word_1_111' title='bbox 452 1424 529 1490; x_wconf 84' lang='lat' dir='ltr'><strong>fuit.</strong></span> <span class='ocrx_word' id='word_1_112' title='bbox 553 1423 734 1511; x_wconf 71' lang='lat' dir='ltr'><strong>rSe‘quenti</strong></span> <span class='ocrx_word' id='word_1_113' title='bbox 754 1445 839 1490; x_wconf 80' lang='lat' dir='ltr'><strong>vero</strong></span> <span class='ocrx_word' id='word_1_114' title='bbox 852 1423 948 1491; x_wconf 84' lang='lat' dir='ltr'><strong>Jibro</strong></span> <span class='ocrx_word' id='word_1_115' title='bbox 961 1423 1051 1492; x_wconf 89' lang='lat' dir='ltr'><strong>XLI.</strong></span> <span class='ocrx_word' id='word_1_116' title='bbox 1073 1427 1225 1502; x_wconf 86' lang='lat' dir='ltr'><strong>Partho-</strong></span> 
     </span>
     <span class='ocr_line' id='line_1_14' title="bbox 28 1507 1222 1600; baseline 0.005 -22"><span class='ocrx_word' id='word_1_117' title='bbox 28 1537 96 1578; x_wconf 88' lang='lat' dir='ltr'><strong>rum</strong></span> <span class='ocrx_word' id='word_1_118' title='bbox 115 1511 294 1578; x_wconf 75' lang='lat' dir='ltr'><strong>historiam</strong></span> <span class='ocrx_word' id='word_1_119' title='bbox 314 1533 421 1600; x_wconf 84' lang='lat' dir='ltr'><strong>usqus</strong></span> <span class='ocrx_word' id='word_1_120' title='bbox 441 1510 491 1578; x_wconf 85' lang='lat' dir='ltr'><strong>ad¹</strong></span> <span class='ocrx_word' id='word_1_121' title='bbox 504 1533 563 1574; x_wconf 86' lang='lat' dir='ltr'><strong>sua</strong></span> <span class='ocrx_word' id='word_1_122' title='bbox 575 1512 734 1596; x_wconf 77' lang='lat' dir='ltr'><strong>&#39;tempora</strong></span> <span class='ocrx_word' id='word_1_123' title='bbox 754 1507 898 1576; x_wconf 86' lang='lat' dir='ltr'><strong>deducit.</strong></span> <span class='ocrx_word' id='word_1_124' title='bbox 940 1509 1118 1598; x_wconf 83' lang='lat' dir='ltr'><strong>Expositis</strong></span> <span class='ocrx_word' id='word_1_125' title='bbox 1135 1537 1222 1584; x_wconf 83' lang='lat' dir='ltr'><strong>vero</strong></span> 
     </span>
     <span class='ocr_line' id='line_1_15' title="bbox 29 1593 1318 1684; baseline 0.005 -22"><span class='ocrx_word' id='word_1_126' title='bbox 29 1597 71 1662; x_wconf 89' lang='lat' dir='ltr'><strong>sic</strong></span> <span class='ocrx_word' id='word_1_127' title='bbox 90 1595 248 1664; x_wconf 85' lang='lat' dir='ltr'><strong>omnibus</strong></span> <span class='ocrx_word' id='word_1_128' title='bbox 269 1617 353 1684; x_wconf 86' lang='lat' dir='ltr'><strong>quae</strong></span> <span class='ocrx_word' id='word_1_129' title='bbox 375 1595 440 1660; x_wconf 87' lang='lat' dir='ltr'><strong>sibi</strong></span> <span class='ocrx_word' id='word_1_130' title='bbox 464 1594 666 1682; x_wconf 85' lang='lat' dir='ltr'><strong>exponenda</strong></span> <span class='ocrx_word' id='word_1_131' title='bbox 688 1609 870 1676; x_wconf 74' lang='lat' dir='ltr'><strong>sumserat,</strong></span> <span class='ocrx_word' id='word_1_132' title='bbox 905 1593 1006 1660; x_wconf 83' lang='lat' dir='ltr'><strong>finem</strong></span> <span class='ocrx_word' id='word_1_133' title='bbox 1033 1600 1224 1668; x_wconf 84' lang='lat' dir='ltr'><strong>narrationi</strong></span> <span class='ocrx_word' id='word_1_134' title='bbox 1315 1627 1318 1633; x_wconf 89' lang='lat'>·</span> 
     </span>
     <span class='ocr_line' id='line_1_16' title="bbox 27 1679 1254 1782; baseline 0.005 -34"><span class='ocrx_word' id='word_1_135' title='bbox 27 1683 134 1748; x_wconf 85' lang='lat' dir='ltr'><strong>iacere</strong></span> <span class='ocrx_word' id='word_1_136' title='bbox 158 1682 340 1782; x_wconf 84' lang='lat' dir='ltr'><strong>potuisset;</strong></span> <span class='ocrx_word' id='word_1_137' title='bbox 379 1703 499 1746; x_wconf 85' lang='lat' dir='ltr'><strong>verum</strong></span> <span class='ocrx_word' id='word_1_138' title='bbox 527 1701 602 1744; x_wconf 88' lang='lat' dir='ltr'><strong>cum</strong></span> <span class='ocrx_word' id='word_1_139' title='bbox 628 1679 729 1746; x_wconf 88' lang='lat' dir='ltr'><strong>toties</strong></span> <span class='ocrx_word' id='word_1_140' title='bbox 755 1679 791 1744; x_wconf 89' lang='lat' dir='ltr'><strong>iu</strong></span> <span class='ocrx_word' id='word_1_141' title='bbox 818 1679 961 1746; x_wconf 85' lang='lat' dir='ltr'><strong>decursu</strong></span> <span class='ocrx_word' id='word_1_142' title='bbox 989 1680 1151 1750; x_wconf 84' lang='lat' dir='ltr'><strong>historiae</strong></span> <span class='ocrx_word' id='word_1_143' title='bbox 1179 1686 1224 1754; x_wconf 88' lang='lat' dir='ltr'><strong>de</strong></span> <span class='ocrx_word' id='word_1_144' title='bbox 1250 1679 1254 1686; x_wconf 47' lang='lat'>¹</span> 
     </span>
     <span class='ocr_line' id='line_1_17' title="bbox 28 1763 1223 1846; baseline 0.005 -13"><span class='ocrx_word' id='word_1_145' title='bbox 28 1768 185 1834; x_wconf 78' lang='lat' dir='ltr'><strong>Romanus</strong></span> <span class='ocrx_word' id='word_1_146' title='bbox 212 1769 343 1832; x_wconf 88' lang='lat' dir='ltr'><strong>locutus</strong></span> <span class='ocrx_word' id='word_1_147' title='bbox 371 1777 476 1846; x_wconf 87' lang='lat' dir='ltr'><strong>esset,</strong></span> <span class='ocrx_word' id='word_1_148' title='bbox 509 1763 640 1831; x_wconf 77' lang='lat' dir='ltr'><strong>duobus</strong></span> <span class='ocrx_word' id='word_1_149' title='bbox 667 1764 765 1830; x_wconf 88' lang='lat' dir='ltr'><strong>libris</strong></span> <span class='ocrx_word' id='word_1_150' title='bbox 784 1763 893 1836; x_wconf 77' lang='lat' dir='ltr'><strong>XLII.</strong></span> <span class='ocrx_word' id='word_1_151' title='bbox 915 1764 1041 1831; x_wconf 87' lang='lat' dir='ltr'><strong>XLIII.</strong></span> <span class='ocrx_word' id='word_1_152' title='bbox 1069 1771 1223 1840; x_wconf 80' lang='lat' dir='ltr'><strong>velutin</strong></span> 
     </span>
     <span class='ocr_line' id='line_1_18' title="bbox 31 1849 1224 1942; baseline 0.003 -24"><span class='ocrx_word' id='word_1_153' title='bbox 31 1855 254 1918; x_wconf 88' lang='lat' dir='ltr'><strong>additamento</strong></span> <span class='ocrx_word' id='word_1_154' title='bbox 280 1849 429 1937; x_wconf 79' lang='lat' dir='ltr'><strong>origines</strong></span> <span class='ocrx_word' id='word_1_155' title='bbox 450 1871 574 1916; x_wconf 75' lang='lat' dir='ltr'><strong>,eorum</strong></span> <span class='ocrx_word' id='word_1_156' title='bbox 604 1850 761 1937; x_wconf 83' lang='lat' dir='ltr'><strong>exponit,</strong></span> <span class='ocrx_word' id='word_1_157' title='bbox 802 1864 844 1936; x_wconf 75' lang='lat' dir='ltr'><strong>et¹</strong></span> <span class='ocrx_word' id='word_1_158' title='bbox 872 1850 1076 1919; x_wconf 88' lang='lat' dir='ltr'><strong>incrementa</strong></span> <span class='ocrx_word' id='word_1_159' title='bbox 1103 1857 1224 1942; x_wconf 83' lang='lat' dir='ltr'><strong>paucis</strong></span> 
     </span>
     <span class='ocr_line' id='line_1_19' title="bbox 28 1933 1223 2026; baseline 0.004 -23"><span class='ocrx_word' id='word_1_160' title='bbox 28 1937 169 2020; x_wconf 67' lang='lat' dir='ltr'><strong>indicata</strong></span> <span class='ocrx_word' id='word_1_161' title='bbox 191 1937 282 2026; x_wconf 86' lang='lat' dir='ltr'><strong>quod</strong></span> <span class='ocrx_word' id='word_1_162' title='bbox 301 1949 396 2002; x_wconf 91' lang='lat' dir='ltr'><strong>tauto</strong></span> <span class='ocrx_word' id='word_1_163' title='bbox 416 1934 526 2002; x_wconf 90' lang='lat' dir='ltr'><strong>minus</strong></span> <span class='ocrx_word' id='word_1_164' title='bbox 549 1934 730 2000; x_wconf 84' lang='lat' dir='ltr'><strong>sconsilio</strong></span> <span class='ocrx_word' id='word_1_165' title='bbox 753 1933 898 2003; x_wconf 84' lang='lat' dir='ltr'><strong>alienum</strong></span> <span class='ocrx_word' id='word_1_166' title='bbox 919 1949 1006 2016; x_wconf 78' lang='lat' dir='ltr'><strong>orat,</strong></span> <span class='ocrx_word' id='word_1_167' title='bbox 1027 1959 1102 2003; x_wconf 91' lang='lat' dir='ltr'><strong>cum</strong></span> <span class='ocrx_word' id='word_1_168' title='bbox 1121 1940 1223 2008; x_wconf 90' lang='lat' dir='ltr'><strong>simul</strong></span> 
     </span>
     <span class='ocr_line' id='line_1_20' title="bbox 28 2017 1223 2124; baseline 0.003 -34"><span class='ocrx_word' id='word_1_169' title='bbox 28 2024 80 2090; x_wconf 84' lang='lat' dir='ltr'><strong>bic</strong></span> <span class='ocrx_word' id='word_1_170' title='bbox 98 2024 142 2088; x_wconf 85' lang='lat' dir='ltr'><strong>ds</strong></span> <span class='ocrx_word' id='word_1_171' title='bbox 161 2022 297 2124; x_wconf 85' lang='lat' dir='ltr'><strong>populis</strong></span> <span class='ocrx_word' id='word_1_172' title='bbox 323 2019 416 2086; x_wconf 86' lang='lat' dir='ltr'><strong>Euro</strong></span> <span class='ocrx_word' id='word_1_173' title='bbox 442 2043 480 2086; x_wconf 89' lang='lat' dir='ltr'><strong>ae</strong></span> <span class='ocrx_word' id='word_1_174' title='bbox 502 2019 736 2101; x_wconf 88' lang='lat' dir='ltr'><strong>occidentalis,</strong></span> <span class='ocrx_word' id='word_1_175' title='bbox 768 2017 965 2111; x_wconf 84' lang='lat' dir='ltr'><strong>Liguribus,</strong></span> <span class='ocrx_word' id='word_1_176' title='bbox 996 2021 1223 2093; x_wconf 82' lang='lat' dir='ltr'><strong>Massiliensi-</strong></span> 
     </span>
     <span class='ocr_line' id='line_1_21' title="bbox 27 2043 1222 2210; baseline 0.003 -36"><span class='ocrx_word' id='word_1_177' title='bbox 27 2108 103 2191; x_wconf 86' lang='lat' dir='ltr'><strong>bus,</strong></span> <span class='ocrx_word' id='word_1_178' title='bbox 124 2107 284 2195; x_wconf 81' lang='lat' dir='ltr'><strong>Hispanis</strong></span> <span class='ocrx_word' id='word_1_179' title='bbox 298 2043 464 2172; x_wconf 80' lang='lat' dir='ltr'><strong>&#39;nonnuiia</strong></span> <span class='ocrx_word' id='word_1_180' title='bbox 481 2105 639 2170; x_wconf 89' lang='lat' dir='ltr'><strong>tradendi</strong></span> <span class='ocrx_word' id='word_1_181' title='bbox 657 2106 942 2194; x_wconf 82' lang='lat' dir='ltr'><strong>opportunitatem</strong></span> <span class='ocrx_word' id='word_1_182' title='bbox 962 2107 1118 2192; x_wconf 82' lang='lat' dir='ltr'><strong>haberet,</strong></span> <span class='ocrx_word' id='word_1_183' title='bbox 1138 2112 1222 2210; x_wconf 82' lang='lat' dir='ltr'><strong>qui-</strong></span> 
     </span>
     <span class='ocr_line' id='line_1_22' title="bbox 29 2185 1222 2293; baseline 0.008 -34"><span class='ocrx_word' id='word_1_184' title='bbox 29 2195 87 2260; x_wconf 91' lang='lat' dir='ltr'><strong>bus</strong></span> <span class='ocrx_word' id='word_1_185' title='bbox 107 2193 228 2293; x_wconf 79' lang='lat' dir='ltr'><strong>ultimo</strong></span> <span class='ocrx_word' id='word_1_186' title='bbox 248 2191 340 2260; x_wconf 84' lang='lat' dir='ltr'><strong>libro</strong></span> <span class='ocrx_word' id='word_1_187' title='bbox 360 2187 488 2260; x_wconf 80' lang='lat' dir='ltr'><strong>XLIV.</strong></span> <span class='ocrx_word' id='word_1_188' title='bbox 512 2185 709 2283; x_wconf 85' lang='lat' dir='ltr'><strong>explicatis,</strong></span> <span class='ocrx_word' id='word_1_189' title='bbox 730 2189 779 2256; x_wconf 90' lang='lat' dir='ltr'><strong>sio</strong></span> <span class='ocrx_word' id='word_1_190' title='bbox 800 2191 894 2260; x_wconf 88' lang='lat' dir='ltr'><strong>omni</strong></span> <span class='ocrx_word' id='word_1_191' title='bbox 913 2195 1009 2282; x_wconf 84' lang='lat' dir='ltr'><strong>operi</strong></span> <span class='ocrx_word' id='word_1_192' title='bbox 1028 2189 1129 2265; x_wconf 82' lang='lat' dir='ltr'><strong>finem</strong></span> <span class='ocrx_word' id='word_1_193' title='bbox 1149 2221 1222 2267; x_wconf 79' lang='lat' dir='ltr'><strong>tm-</strong></span> 
     </span>
     <span class='ocr_line' id='line_1_23' title="bbox 30 2287 1107 2367; baseline 0 -21"><span class='ocrx_word' id='word_1_194' title='bbox 30 2293 146 2367; x_wconf 83' lang='lat' dir='ltr'><strong>postut.</strong></span> <span class='ocrx_word' id='word_1_195' title='bbox 196 2300 198 2310; x_wconf 65' lang='lat'><strong>¹</strong></span> <span class='ocrx_word' id='word_1_196' title='bbox 268 2287 275 2300; x_wconf 76' lang='grc'><strong>“</strong></span> <span class='ocrx_word' id='word_1_197' title='bbox 864 2291 865 2296; x_wconf 77' lang='grc'>’</span> <span class='ocrx_word' id='word_1_198' title='bbox 1104 2295 1107 2302; x_wconf 85' lang='grc'><strong><em>’</em></strong></span> 
     </span>
    </p>
   </div>
   <div class='ocr_carea' id='block_1_5' title="bbox 33 2522 1221 3224">
    <p class='ocr_par' dir='ltr' id='par_1_5' title="bbox 33 2522 1221 3224">
     <span class='ocr_line' id='line_1_24' title="bbox 105 2522 1220 2626; baseline 0.001 -21"><span class='ocrx_word' id='word_1_199' title='bbox 105 2535 164 2620; x_wconf 63' lang='grc' dir='ltr'><strong>Επε1</strong></span> <span class='ocrx_word' id='word_1_200' title='bbox 174 2533 336 2604; x_wconf 80' lang='lat' dir='ltr'><strong>universo</strong></span> <span class='ocrx_word' id='word_1_201' title='bbox 349 2537 415 2603; x_wconf 88' lang='lat' dir='ltr'><strong>hoc</strong></span> <span class='ocrx_word' id='word_1_202' title='bbox 430 2535 542 2624; x_wconf 83' lang='lat' dir='ltr'><strong>operis</strong></span> <span class='ocrx_word' id='word_1_203' title='bbox 558 2535 670 2624; x_wconf 83' lang='lat' dir='ltr'><strong>Trogi</strong></span> <span class='ocrx_word' id='word_1_204' title='bbox 684 2533 836 2624; x_wconf 87' lang='lat' dir='ltr'><strong>Pompeii</strong></span> <span class='ocrx_word' id='word_1_205' title='bbox 851 2539 1053 2626; x_wconf 74' lang='lat' dir='ltr'><strong>conspectis,</strong></span> <span class='ocrx_word' id='word_1_206' title='bbox 1072 2551 1108 2604; x_wconf 87' lang='lat' dir='ltr'><strong>et</strong></span> <span class='ocrx_word' id='word_1_207' title='bbox 1121 2522 1220 2626; x_wconf 74' lang='lat' dir='ltr'><strong>quale</strong></span> 
     </span>
     <span class='ocr_line' id='line_1_25' title="bbox 34 2621 1221 2709; baseline 0 -17"><span class='ocrx_word' id='word_1_208' title='bbox 34 2624 200 2702; x_wconf 83' lang='lat' dir='ltr'><strong>consilium</strong></span> <span class='ocrx_word' id='word_1_209' title='bbox 223 2621 426 2708; x_wconf 61' lang='lat' dir='ltr'><strong>auctorisgin</strong></span> <span class='ocrx_word' id='word_1_210' title='bbox 446 2643 488 2698; x_wconf 81' lang='lat' dir='ltr'><strong>eo</strong></span> <span class='ocrx_word' id='word_1_211' title='bbox 509 2621 628 2702; x_wconf 85' lang='lat' dir='ltr'><strong>fuerit,</strong></span> <span class='ocrx_word' id='word_1_212' title='bbox 652 2635 686 2686; x_wconf 87' lang='lat' dir='ltr'><strong>et</strong></span> <span class='ocrx_word' id='word_1_213' title='bbox 707 2635 831 2709; x_wconf 88' lang='lat' dir='ltr'><strong>quauta</strong></span> <span class='ocrx_word' id='word_1_214' title='bbox 853 2633 925 2687; x_wconf 87' lang='lat' dir='ltr'><strong>arte</strong></span> <span class='ocrx_word' id='word_1_215' title='bbox 945 2621 981 2688; x_wconf 92' lang='lat' dir='ltr'><strong>in</strong></span> <span class='ocrx_word' id='word_1_216' title='bbox 994 2635 1221 2693; x_wconf 78' lang='lat' dir='ltr'><strong>vastaremus</strong></span> 
     </span>
     <span class='ocr_line' id='line_1_26' title="bbox 34 2706 1221 2808; baseline 0.001 -33"><span class='ocrx_word' id='word_1_217' title='bbox 34 2733 109 2798; x_wconf 80' lang='lat' dir='ltr'><strong>quae</strong></span> <span class='ocrx_word' id='word_1_218' title='bbox 129 2731 171 2788; x_wconf 82' lang='lat' dir='ltr'><strong>eo</strong></span> <span class='ocrx_word' id='word_1_219' title='bbox 194 2709 560 2774; x_wconf 77' lang='lat' dir='ltr'><strong>continebautur&#39;mole</strong></span> <span class='ocrx_word' id='word_1_220' title='bbox 576 2706 758 2794; x_wconf 83' lang='lat' dir='ltr'><strong>digerenda</strong></span> <span class='ocrx_word' id='word_1_221' title='bbox 772 2719 928 2772; x_wconf 87' lang='lat' dir='ltr'><strong>versatus</strong></span> <span class='ocrx_word' id='word_1_222' title='bbox 939 2707 1000 2788; x_wconf 90' lang='lat' dir='ltr'><strong>sit,</strong></span> <span class='ocrx_word' id='word_1_223' title='bbox 1021 2709 1101 2774; x_wconf 88' lang='lat' dir='ltr'><strong>satis</strong></span> <span class='ocrx_word' id='word_1_224' title='bbox 1115 2731 1221 2808; x_wconf 70' lang='lat' dir='ltr'><strong>appa7</strong></span> 
     </span>
     <span class='ocr_line' id='line_1_27' title="bbox 33 2791 1220 2880; baseline 0 -20"><span class='ocrx_word' id='word_1_225' title='bbox 33 2818 102 2860; x_wconf 88' lang='lat' dir='ltr'><strong>rere</strong></span> <span class='ocrx_word' id='word_1_226' title='bbox 120 2795 279 2860; x_wconf 85' lang='lat' dir='ltr'><strong>arbitror.</strong></span> <span class='ocrx_word' id='word_1_227' title='bbox 322 2791 526 2859; x_wconf 88' lang='lat' dir='ltr'><strong>Accedimus</strong></span> <span class='ocrx_word' id='word_1_228' title='bbox 546 2791 614 2856; x_wconf 92' lang='lat' dir='ltr'><strong>iam</strong></span> <span class='ocrx_word' id='word_1_229' title='bbox 634 2792 675 2856; x_wconf 91' lang='lat' dir='ltr'><strong>ad</strong></span> <span class='ocrx_word' id='word_1_230' title='bbox 696 2793 807 2856; x_wconf 86' lang='lat' dir='ltr'><strong>locum</strong></span> <span class='ocrx_word' id='word_1_231' title='bbox 834 2791 1068 2880; x_wconf 70' lang='lat' dir='ltr'><strong>gravissimum</strong></span> <span class='ocrx_word' id='word_1_232' title='bbox 1090 2793 1132 2859; x_wconf 84' lang='lat' dir='ltr'><strong>de</strong></span> <span class='ocrx_word' id='word_1_233' title='bbox 1151 2795 1220 2868; x_wconf 76' lang='lat' dir='ltr'><strong>iude</strong></span> 
     </span>
     <span class='ocr_line' id='line_1_28' title="bbox 35 2875 1219 2968; baseline 0.002 -24"><span class='ocrx_word' id='word_1_234' title='bbox 35 2879 213 2968; x_wconf 85' lang='lat' dir='ltr'><strong>scriptoris,</strong></span> <span class='ocrx_word' id='word_1_235' title='bbox 236 2877 328 2944; x_wconf 88' lang='lat' dir='ltr'><strong>cuius</strong></span> <span class='ocrx_word' id='word_1_236' title='bbox 342 2901 441 2948; x_wconf 85' lang='lat' dir='ltr'><strong>causa</strong></span> <span class='ocrx_word' id='word_1_237' title='bbox 455 2876 565 2944; x_wconf 82' lang='lat' dir='ltr'><strong>omnis</strong></span> <span class='ocrx_word' id='word_1_238' title='bbox 579 2877 661 2942; x_wconf 87' lang='lat' dir='ltr'><strong>haec</strong></span> <span class='ocrx_word' id='word_1_239' title='bbox 676 2875 859 2964; x_wconf 88' lang='lat' dir='ltr'><strong>disputatio</strong></span> <span class='ocrx_word' id='word_1_240' title='bbox 873 2901 893 2944; x_wconf 92' lang='lat' dir='ltr'><strong>a</strong></span> <span class='ocrx_word' id='word_1_241' title='bbox 910 2899 964 2942; x_wconf 85' lang='lat' dir='ltr'><strong>me</strong></span> <span class='ocrx_word' id='word_1_242' title='bbox 982 2891 1135 2968; x_wconf 85' lang='lat' dir='ltr'><strong>suscepta</strong></span> <span class='ocrx_word' id='word_1_243' title='bbox 1155 2893 1219 2946; x_wconf 87' lang='lat' dir='ltr'><strong>est.</strong></span> 
     </span>
     <span class='ocr_line' id='line_1_29' title="bbox 34 2957 1220 3050; baseline -0.001 -19"><span class='ocrx_word' id='word_1_244' title='bbox 34 2964 150 3031; x_wconf 89' lang='lat' dir='ltr'><strong>Pendet</strong></span> <span class='ocrx_word' id='word_1_245' title='bbox 171 2985 257 3032; x_wconf 85' lang='lat' dir='ltr'><strong>vero</strong></span> <span class='ocrx_word' id='word_1_246' title='bbox 279 2963 458 3032; x_wconf 86' lang='lat' dir='ltr'><strong>auctoritas</strong></span> <span class='ocrx_word' id='word_1_247' title='bbox 480 2957 592 3050; x_wconf 75' lang='lat' dir='ltr'><strong>Trogi</strong></span> <span class='ocrx_word' id='word_1_248' title='bbox 607 2963 756 3045; x_wconf 79' lang='lat' dir='ltr'><strong>maxime</strong></span> <span class='ocrx_word' id='word_1_249' title='bbox 778 2985 823 3026; x_wconf 90' lang='lat' dir='ltr'><strong>ex</strong></span> <span class='ocrx_word' id='word_1_250' title='bbox 844 2963 1036 3028; x_wconf 83' lang='lat' dir='ltr'><strong>auctoribus</strong></span> <span class='ocrx_word' id='word_1_251' title='bbox 1055 2977 1139 3050; x_wconf 64' lang='lat' dir='ltr'><strong>quos</strong></span> <span class='ocrx_word' id='word_1_252' title='bbox 1160 2985 1220 3030; x_wconf 87' lang='lat' dir='ltr'><strong>se-</strong></span> 
     </span>
     <span class='ocr_line' id='line_1_30' title="bbox 36 3047 1220 3138; baseline 0.001 -23"><span class='ocrx_word' id='word_1_253' title='bbox 36 3065 119 3116; x_wconf 82' lang='lat' dir='ltr'><strong>cutus</strong></span> <span class='ocrx_word' id='word_1_254' title='bbox 137 3065 205 3132; x_wconf 88' lang='lat' dir='ltr'><strong>est;</strong></span> <span class='ocrx_word' id='word_1_255' title='bbox 235 3071 359 3138; x_wconf 88' lang='lat' dir='ltr'><strong>quare,</strong></span> <span class='ocrx_word' id='word_1_256' title='bbox 382 3069 475 3136; x_wconf 37' lang='lat' dir='ltr'><strong>*quos</strong></span> <span class='ocrx_word' id='word_1_257' title='bbox 496 3047 637 3134; x_wconf 86' lang='lat' dir='ltr'><strong>singulis</strong></span> <span class='ocrx_word' id='word_1_258' title='bbox 657 3047 754 3114; x_wconf 84' lang='lat' dir='ltr'><strong>libris</strong></span> <span class='ocrx_word' id='word_1_259' title='bbox 769 3062 847 3113; x_wconf 85' lang='lat' dir='ltr'><strong>ante</strong></span> <span class='ocrx_word' id='word_1_260' title='bbox 860 3050 977 3116; x_wconf 87' lang='lat' dir='ltr'><strong>oculos</strong></span> <span class='ocrx_word' id='word_1_261' title='bbox 989 3049 1144 3116; x_wconf 87' lang='lat' dir='ltr'><strong>habuerit</strong></span> <span class='ocrx_word' id='word_1_262' title='bbox 1151 3085 1166 3134; x_wconf 59' lang='lat'><strong>,1</strong></span> <span class='ocrx_word' id='word_1_263' title='bbox 1182 3049 1220 3118; x_wconf 83' lang='lat' dir='ltr'><strong>in</strong></span> 
     </span>
     <span class='ocr_line' id='line_1_31' title="bbox 36 3132 999 3224; baseline 0.002 -22"><span class='ocrx_word' id='word_1_264' title='bbox 36 3135 182 3222; x_wconf 84' lang='lat' dir='ltr'><strong>proxima</strong></span> <span class='ocrx_word' id='word_1_265' title='bbox 200 3135 270 3204; x_wconf 88' lang='lat' dir='ltr'><strong>iam</strong></span> <span class='ocrx_word' id='word_1_266' title='bbox 291 3132 527 3224; x_wconf 87' lang='lat' dir='ltr'><strong>disquisitione</strong></span> <span class='ocrx_word' id='word_1_267' title='bbox 547 3132 793 3222; x_wconf 84' lang='lat' dir='ltr'><strong>dispiciendum</strong></span> <span class='ocrx_word' id='word_1_268' title='bbox 812 3132 890 3201; x_wconf 85' lang='lat' dir='ltr'><strong>erit.</strong></span> <span class='ocrx_word' id='word_1_269' title='bbox 997 3192 999 3204; x_wconf 91' lang='lat'><strong>.</strong></span> 
     </span>
    </p>
   </div>
   <div class='ocr_carea' id='block_1_6' title="bbox 0 0 1374 4854">
    <p class='ocr_par' dir='ltr' id='par_1_6' title="bbox 0 0 1374 4854">
     <span class='ocr_line' id='line_1_32' title="bbox 0 0 1374 4854; baseline 0 0"><span class='ocrx_word' id='word_1_270' title='bbox 0 0 1374 4854; x_wconf 95' lang='lat' dir='ltr'><strong> </strong></span> 
     </span>
    </p>
   </div>
  </div>
 </body>
</html>
