2702 4852
946 189 954 227 l

179 249 289 331 >54
644 208 1082 342 cussanus·

239 437 377 530 praelia.
389 435 489 508 facit:
506 437 643 528 .ubique
672 436 786 506 victor
800 435 940 526 recipit¹
954 434 1126 519 cisimtes,
1153 461 1229 526 quas
1246 439 1309 529 slels¹

239 553 372 610 corant:
394 543 571 608 nonnullas
594 540 701 632 capit,
723 556 758 608 et
779 531 924 630 imperio
945 537 1201 605 Atheniensium
1220 540 1293 608 adiici
1314 573 1316 578 v

213 657 342 732 7atque
368 643 417 710 ita
448 644 561 732 prisca
589 642 704 710 navali
729 643 838 732 gloria
870 639 1059 723 vindicata,
1103 641 1225 728 agliects
1248 645 1307 708 etin.

240 745 341 813 laude
369 746 542 814 terrestris
569 746 669 826 belli,
704 745 914 812 desideratus
947 741 1079 810 civibus
1110 743 1177 810 snis
1203 745 1305 812 Atbsn

212 849 438 924 aresertitur.
480 848 545 916 His
566 849 722 918 omnibus
743 846 882 938 praeliis
904 845 1067 915 ducentae
1086 869 1188 912 navas
1201 847 1314 932 hostius,

213 965 277 1027 oet
300 951 579 1040 'praedaingsus
605 963 712 1040 capta.
738 1035 742 1042 Ι
774 949 835 1016 Ad
869 950 958 1015 hunc
985 948 1161 1014 redeuntis
1191 951 1313 1028 exercitu

63 1139 70 1148 ι
173 1088 176 1096 =
242 1053 448 1142 triumphum
477 1054 584 1122 effusa
612 1053 722 1123 omnis
749 1052 931 1128 multitudo
960 1052 1099 1136 obviam
1126 1053 1315 1140 protadius

172 1138 178 1153 A
220 1149 418 1226 'universus
456 1157 593 1246 quidem
623 1157 765 1240 milites,
809 1154 991 1244 praecipue
1020 1169 1132 1222 tamen
1161 1154 1314 1222 Alcibiaden

166 1336 169 1344 ,
195 1259 425 1342 tomirsntur:
451 1259 488 1326 in
515 1259 604 1328 hunc
632 1259 749 1334 oculos
771 1259 898 1336 civitas,
913 1257 1089 1342 universa,
1121 1258 1157 1326 iu
1177 1257 1252 1324 bunc
1268 1282 1327 1348 su»¹

243 1383 348 1478 pensa
375 1383 437 1430 ora
464 1363 771 1442 couvertitabunc
792 1361 890 1450 quasi
912 1361 954 1427 de
972 1363 1068 1427 coelo
1091 1361 1237 1442 mistum,
1260 1353 1327 1428 etnt]

195 1481 231 1536 tt
242 1487 352 1552 tpsam
364 1464 555 1532 Victoriam
574 1479 793 1534 contuentur:
813 1465 952 1532 laudant
968 1486 1054 1552 quae
1072 1485 1137 1552 pro
1156 1463 1266 1552 patria·
1279 1487 1315 1530 ιιι

243 1567 355 1634 minus
376 1566 586 1636 admirantur
615 1592 720 1660 quae
722 1569 821 1635 exsul
834 1581 963 1640 contra
983 1566 1145 1653 gesserit,
1167 1584 1314 1636 excusantes

196 1669 327 1757 seipsi,
347 1666 472 1736 iratum
494 1687 785 1760 provocatumque
807 1671 938 1738 fecisse.
980 1670 1165 1738 Enimvero
1185 1672 1328 1736 tantun
1296 1695 1315 1736 ιι

239 1795 312 1848 ,ιιιιο
333 1737 412 1842 viso
434 1771 539 1843 fuisse
556 1773 739 1856 momenti,
762 1788 797 1840 ut
818 1772 961 1840 maximi
981 1771 1119 1862 imperii
1139 1772 1283 1854 subversi,
1298 1787 1317 1838 et

243 1898 377 1944 rursum
404 1877 552 1964 recepti,
580 1890 698 1946 auctor
725 1889 829 1960 esset3
857 1891 908 1960 at,
944 1878 1034 1944 unde
1065 1877 1222 1956 stetisset,
1251 1897 1280 1940 eo
1297 1899 1317 1940 ιι

244 1977 392 2048 victoria
413 1979 630 2046 transferret:
658 1979 822 2068 fieretque
844 2002 920 2044 cum
941 1999 983 2048 eo
1004 1979 1092 2046 mira
1106 1980 1255 2068 quasdam
1271 1979 1329 2048 tun-3

195 2085 345 2149 'istunae
365 2081 552 2151 inclinatio.
577 2083 684 2171 Igitur
705 2082 860 2148 omuibus
874 2103 950 2154 eon
966 2081 1124 2150 humanis
1143 2097 1263 2164 tantum,
1278 2105 1317 2148 ιι-

214 2231 218 2238 .
245 2205 322 2250 rum
351 2196 386 2248 et
412 2183 539 2250 divinis
569 2208 645 2250 eum
671 2183 859 2254 honoribus
897 2199 1056 2254 onerant:
1102 2201 1224 2252 certant
1246 2209 1318 2251 secun

170 2296 177 2306 '
245 2283 330 2372 ipsi,
353 2300 472 2358 ,utrum
500 2286 777 2354 contumeliosius
806 2309 882 2354 eum
911 2287 1123 2376 expulerint,
1170 2314 1193 2356 n
1217 2310 1330 2354 ιιιοιι-1

139 2445 141 2452 .
198 2397 237 2460 14
247 2387 363 2462 serint
395 2390 607 2460 honoratius.
670 2387 767 2478 Ipsos
803 2389 855 2456 illi
885 2388 979 2458 Deos
1016 2394 1220 2484 gratulantes
1250 2393 1318 2458 tulus

198 2506 235 2568 15
249 2489 405 2575 obviam,
438 2515 586 2581 quorum
614 2492 905 2562 exsecrationibus
933 2507 1006 2560 erat
1035 2493 1190 2562 devotus.
1234 2493 1270 2560 Et
1288 2491 1319 2557 cni

194 2595 197 2608 ¹
248 2594 364 2680 paullo
391 2608 468 2661 ante
496 2617 630 2664 omnem
658 2597 837 2662 humanam
864 2618 965 2686 opem
984 2597 1244 2674 interdixerant,
1267 2619 1331 2676 euu,

199 2693 277 2774 ts'si
297 2709 437 2786 queant,
467 2698 502 2764 in
525 2701 621 2767 coelo
642 2699 795 2790 posuisse
822 2699 972 2788 cupiunt.
1012 2687 1165 2788 Explent
1192 2713 1320 2796 contuns-

119 2846 123 2867 ι
151 2890 153 2892 ¹
190 2823 196 2830 ”
247 2797 312 2864 lias
333 2799 536 2884 honoribus,
559 2803 763 2870 detrimenta
783 2803 995 2884 muneribus,
1018 2803 1256 2874 exsecrationes
1270 2823 1321 2889 prs

143 2891 152 2992 s
201 2901 355 2971 assibus.
396 2905 473 2972 Non
501 2905 637 2972 Siciliae
668 2903 736 2974 illis
764 2906 908 2974 adversa
935 2929 1049 2996 pugna
1076 2906 1115 2972 in
1136 2919 1192 2972 ors
1212 2919 1267 2987 est,
1286 2901 1322 2968 sel

251 2985 415 3073 Graeciae
434 3007 599 3076 victoria:
620 3032 690 3078 non
712 3011 834 3076 classes
855 3009 1039 3098 perillum
1056 3007 1204 3092 amissae,
1224 3007 1323 3075 sedal-

172 3132 174 3140 ·
222 3107 412 3195 quisitaa:
446 3134 508 3179 nec
537 3097 796 3216 Syracusarum,
830 3111 892 3178 aed
926 3109 1059 3194 Ioniae,
1092 3110 1323 3203 Hellespontiqns

201 3209 485 3280 tflmemiuerunt.
527 3214 585 3282 Sic
609 3207 809 3282 Alcibiades
828 3237 1011 3304 numquam
1033 3215 1266 3296 mediocribus,
1286 3232 1323 3276 nes

250 3309 287 3380 iu
308 3311 456 3398 offensa,
476 3341 538 3384 nec
559 3317 595 3385 in
616 3318 753 3402 lavore,
780 3317 899 3384 studiis
924 3339 1061 3386 suorum
1084 3331 1239 3408 exceptus
1258 3329 1300 3382 est.

223 3431 239 3485 1
281 3449 283 3454 ’
337 3412 435 3482 cur.
459 3444 491 3484 v.
533 3421 624 3487 Dum
652 3423 736 3487 haec
763 3435 932 3510 aguntur,
953 3446 973 3486 a
994 3416 1324 3504 Lacedaemoniislny*

252 3516 376 3584 sandes·
395 3520 494 3587 classi
511 3521 669 3612 belloque
690 3525 896 3614 praeficitur,
930 3537 962 3590 et
990 3517 1160 3602 inlocum
1181 3517 1326 3594 Tisalernis

46 3612 50 3621 ¹
157 3665 161 3670 -
226 3619 394 3702 ·Darius,
415 3643 481 3688 rex
495 3623 689 3710 Persarum,
710 3625 817 3694 filium
839 3621 935 3694 sunm
949 3628 1077 3718 Cyrum
1090 3627 1203 3694 Ioniae
1215 3622 1327 3716 Lydiae·

225 3771 228 3776 ,
253 3746 319 3814 que
340 3719 553 3820 praeposuit:
574 3725 634 3817 qui
653 3728 936 3800 Lacedaemonios
959 3729 1097 3798 auxiliis
1119 3730 1286 3821 opibusque
1300 3721 1327 3790 al

647 3888 717 3932 ott.
740 3889 829 3930 Lttct'.
850 3889 977 3934 ΜΛΝ.

641 3997 643 4004 ι
734 3987 900 4006 m

297 4033 377 4096 CAP·
400 4059 448 4100 tv·
471 4040 497 4122 b
517 3995 550 4102 19.
571 4039 800 4107 Αἷοίὂίαιῖιιη.”

167 4215 170 4222 .
228 4199 230 4204 -
298 4136 376 4219 GAP·
399 4163 431 4202 V·
465 4139 489 4224 l
515 4150 544 4206 1.
569 4135 649 4206 Dum
677 4143 749 4210 baec
774 4165 900 4231 aguntur
922 4176 941 4212 a
962 4149 1219 4226 Lacedaemoniis,
1239 4146 1328 4226 Lyson-

383 4252 385 4258 i
508 4301 511 4306 ι
586 4247 639 4310 tlet·
658 4284 701 4302 -·
726 4253 921 4348 Tlssqfemis,
