2786 4856
212 253 404 306 ιιιιιοιι.
427 255 523 304 ιιι.
549 235 753 330 xxxviii.
777 219 875 307 ιιι.
902 251 937 311 7.
1062 229 1136 313 251
1293 313 1295 320 ,

18 425 239 498 seruatorem
270 415 367 482 urbis
393 415 568 523 νιῘιιιιίι
589 434 713 482 tamen
743 430 824 482 cum
855 415 959 483 liuius
995 433 1161 512 nepotes

18 518 93 583 bell
64 501 149 583 llum
173 518 328 585 modo
314 544 353 600 ιιι
377 513 531 611 Africa
536 538 673 610 gestum
713 519 807 584 adeo
831 521 1070 608 inexpiabile,
1093 543 1140 606 ιιι
1235 551 1242 570 ·

16 644 66 685 ne
88 627 220 688 uictum
242 603 386 712 quidem
409 629 604 693 memoriae
628 627 690 693 avi
712 623 914 708 donarent,
939 629 1027 714 quin
1056 649 1136 692 car·

17 747 134 791 cerem
155 749 202 798 aa
223 729 395 814 triumphi
414 725 658 816 spectaculum
683 733 918 818 experiretur.
961 728 1069 794 Hanc
1091 721 1165 798 ili

16 827 73 893 los
100 831 239 916 regibus
266 827 468 896 'omnibusl
454 831 568 920 legem
608 829 773 896 odiorum
805 831 966 942 dixisse,
995 836 1137 927 scilicet
1230 891 1233 903 .

15 927 109 1016 quio
136 937 204 1020 ipsi
235 936 291 998 tal
292 957 326 998 es
345 957 448 1024 rqges
470 935 683 1028 habuerint,
714 943 867 1024 quorum
891 940 1001 1001 etiam
1023 940 1139 1002 nomi-

13 1035 120 1100 nibus
150 1017 379 1106 erubescant.
415 1055 481 1120 aut
508 1057 671 1134 pastores
697 1039 957 1128 Aboriginum,
982 1057 1048 1104 ant
1070 1041 1140 1128 lia-

14 1141 174 1228 ruspices
207 1121 446 1220 Sabinorum,
478 1160 544 1206 aut
580 1125 716 1207 exsules
750 1129 1037 1224 Corinthiorum,
1074 1159 1141 1208 aut

11 1259 138 1304 servos
157 1265 361 1328 vernasque
381 1224 583 1316 Tuscorum,
608 1262 685 1316 aut,
686 1243 808 1339 quod
830 1243 1143 1312 honoratissimum

12 1353 147 1405 nomen
162 1333 493 1432 fuitinterliaec‚
523 1327 724 1444 Superbum
765 1365 921 1435 atque,
916 1365 984 1411 ut
996 1371 1063 1434 ipsi
1059 1348 1143 1440 fe

14 1461 116 1512 runt,
139 1446 345 1524 conditores
364 1472 445 1513 suos
468 1453 578 1536 lupae
600 1433 763 1516 uberibus
787 1454 900 1534 altos:
927 1453 978 1514 sic
1001 1463 1173 1531 omnem8

14 1547 121 1610 illum
157 1553 272 1638 popul
273 1574 332 1614 um
361 1553 529 1638 luporum
569 1557 724 1632 animos,
779 1554 1016 1640 inecplebiles
1051 1577 1142 1632 san-
1194 1563 1213 1616 1

12 1652 136 1738 guinis
156 1670 269 1740 atque
289 1657 451 1741 imperii,
474 1653 759 1746 divitiarumque.
785 1653 911 1722 nvidos
931 1679 976 1720 ao
1004 1660 1144 1724 ieiunos

15 1751 165 1818 babere.
255 1809 264 1840 q
1000 1773 1002 1778 '

105 1857 195 1924 Car.
216 1883 282 1926 vn.
326 1839 372 1926 Se
398 1875 540 1928 autem,
568 1881 631 1924 seu
662 1861 930 1928 nobilitatel
887 1865 959 1928 illis
989 1859 1172 1966 compa-1

17 1978 142 2034 retur,
176 1965 369 2056 clariorem
398 1964 465 2034 illa
495 1965 653 2042 colluvie
681 1986 925 2030 convenarum
956 1989 1046 2040 esse,
1080 1971 1143 2056 qui
1215 2005 1243 2017 ἰ

15 2084 194 2154 paternos
226 2089 380 2135 maiores
394 2088 493 2142 suos
501 2089 525 2130 ιι
549 2049 642 2156 Cyro
674 2069 871 2155 Βαιιοιιιιι
898 2069 1145 2150 conditoribus

16 2169 160 2234 Persici
180 2173 294 2259 regni,
317 2188 499 2236 maternos
520 2173 553 2234 a*
563 2169 702 2264 Magno
718 2169 937 2237 Atmandro
966 2197 1011 2247 ao
1032 2171 1146 2239 Nico·
1168 2235 1170 2240 .

18 2291 104 2338 tore
127 2275 297 2344 Seleuco,
324 2271 583 2370 ,conditoribus
605 2277 749 2364 imperii
767 2273 1020 2351 Macedonici,
1050 2277 1147 2368 refe-
1206 2299 1208 2306 ·

19 2395 110 2461 rat:¹
146 2401 208 2445 seu
227 2379 382 2474 populus
413 2377 558 2440 illorum
593 2375 810 2466 conferatur
843 2401 924 2454 suo,
950 2403 1074 2450 earum
1108 2403 1146 2446 se

19 2485 188 2572 gentium
223 2505 312 2552 esse,
336 2491 432 2568 quae
461 2501 535 2544 non
564 2478 671 2544 modo
700 2479 865 2544 Romano
892 2485 1046 2570 imperio
1075 2487 1148 2546 sint
1198 2523 1200 2526 -

17 2575 159 2676 pares,
182 2584 247 2650 sed
280 2583 528 2656 Macedonico·
556 2603 703 2676 quoque
737 2582 948 2648 obstiterint.
980 2573 1178 2704 dlullam2

18 2692 264 2778 subiectarum
283 2690 351 2754 sibi
369 2691 530 2774 gentium
546 2701 734 2773 expertum
754 2691 949 2774 peregrino
971 2691 1146 2775 imperia,-

19 2797 90 2861 nul
92 2797 134 2859 lis
156 2815 325 2880 umquam
347 2795 415 2856 nisi
436 2786 638 2854 domesticis
660 2789 799 2876 regibus
820 2811 1002 2875 paruisse:
1040 2793 1148 2879 Cap-

20 2897 224 2996 padociam
246 2919 292 2962 ve
293 2898 380 2964 lint,
406 2918 455 2958 an
476 2875 789 2981 Paphlagoniam
795 2915 1000 2968 recensere:
1031 2916 1151 2959 rursus

21 3005 188 3070 Pontum
211 3024 260 3066 an
281 2999 511 3082 Bithyniam,
547 2999 736 3086 itemque
731 2996 945 3076 Armenium
974 3001 1150 3066 maiorem
1234 3025 1236 3030 s

19 3110 296 3193 minoremque:
326 3114 483 3194 quarum¹
498 3103 662 3188 ¹gentium
682 3101 819 3166 nullum
841 3123 960 3188 neque
982 3101 1151 3166 Alexan·

22 3211 96 3277 der
118 3211 202 3280 ille,
226 3210 290 3296 qui
311 3223 427 3272 totam
448 3207 600 3294 pacavit
621 3199 762 3274 Asiam,
785 3227 852 3270 neo
875 3207 1051 3292 quispiam
1072 3229 1161 3290 suc-s

23 3333 207 3378 cessorum
239 3315 332 3395 eius,
370 3327 436 3374 aut
456 3325 701 3398 posterorum,
733 3311 920 3396 attigisset.
963 3307 1180 3396 Scythiami
1255 3339 1258 3346 ⁴

25 3417 123 3482 duos
145 3437 315 3503 umquam
337 3431 424 3478 ante
444 3437 481 3478 se
503 3433 604 3500 reges
622 3433 697 3488 non
716 3433 880 3512 pnqare,
922 3409 986 3492 sed
1008 3429 1161 3501 tontum.
1204 3437 1210 3484 j

21 3525 172 3587 intrare
194 3541 316 3589 ausos,
353 3519 510 3587 Dorium
534 3534 568 3581 et
590 3515 820 3606 Philippum,
856 3537 966 3604 aegre
984 3515 1071 3581 inde
1081 3515 1153 3606 fu*
1204 3533 1206 3548 ¹

18 3645 115 3715 gam
139 3623 208 3688 sibi
236 3620 436 3712 expedisse,
472 3619 569 3709 unde
607 3623 682 3708 ipse
716 3641 885 3712 magnam
910 3636 1053 3708 portem
1086 3617 1154 3710 ud«.-
1181 3657 1184 3676 .

23 3749 156 3795 versus
175 3727 358 3792 Romanos
377 3727 508 3790 virium
529 3723 689 3791 liaberet.
722 3722 915 3812 Multoque
935 3745 973 3789 se
994 3723 1185 3818 timidiusl
1236 3743 1238 3748 ’
1273 3769 1278 3781 .

21 3855 74 3898 ac
104 3825 330 3918 diffidentitn
352 3829 448 3894 bello
470 3827 626 3906 Pontica
648 3831 861 3916 ingressum,
899 3833 1074 3922 cumipse
1095 3851 1155 3892 ru-

22 3937 87 4004 dis
109 3957 156 4002 ae
177 3917 249 4000 tiro
277 3950 372 4016 esset.
416 3931 565 4020 Scythas
584 3948 734 4025 praeter
759 3949 886 4004 ,ormo,
918 3935 1157 4018 uirtutemque

24 4033 157 4123 animi,
168 4019 340 4104 'locorum
367 4021 512 4126 quoque
532 4033 785 4101 solitudinibus
809 4035 864 4100 vel
873 4033 1078 4126 frigoribus
1100 4037 1157 4098 in·

25 4160 201 4226 structos,
227 4164 295 4234 per
317 4161 414 4230 quae
432 4139 709 4204 denuntiaretur
726 4140 853 4225 ingens
874 4140 1031 4208 militiae
1051 4137 1158 4202 labor
1180 4188 1182 4194 .

26 4268 74 4314 ac
93 4247 310 4336 periculum.
354 4244 455 4332 Inter
476 4261 566 4346 qups
592 4236 826 4338 dfflcultates
846 4262 893 4308 ne
908 4239 1188 4342 spesquidemi
