2786 4856
241 317 321 408 '282
453 321 469 326 ”
645 321 1027 406 ausurus'

220 521 430 582 desumunt.
472 515 565 584 llaec
585 514 676 582 inter
695 515 852 584 Africam
873 525 908 582 et
929 512 1076 582 Galliam
1097 514 1224 604 posita,
1242 513 1365 582 Oceani

247 618 338 686 ireto
360 631 393 684 et
406 618 592 709 Pyrenaeis
613 620 785 686 montibus
807 619 985 686 clauditur.
1027 616 1124 686 Sicut
1140 619 1256 688 minor
1273 633 1366 683 utra-

198 727 317 812 »lque
337 735 446 804 terra,
468 723 518 790 ita
542 737 683 812 utreque
714 721 871 790 fertilior.
915 723 1000 792 Nam
1028 745 1158 811 neque,
1180 735 1220 787 ut
1241 721 1362 803 Altina,

247 825 402 894 uiolento
423 827 496 893 sols
516 840 682 906 torretur,
715 840 898 915 neque,-ut
918 825 1057 903 ,Gallias
1085 824 1247 892 adsidule‘
1262 825 1362 890 ventis

248 927 428 1018 fatigatum
459 923 525 996 ssd
538 929 650 996 media
669 928 759 996 iuter
778 945 966 1017 utramque,
987 927 1069 994 hinc
1088 943 1283 1018 temporalo
1310 951 1360 993 ea-

207 1025 339 1115 lore,
372 1030 454 1098 inde
482 1031 637 1098 felicibus
665 1046 699 1098 et
725 1033 935 1122 tempestivis
967 1031 1152 1114 imbribus,
1166 1033 1227 1098 im
1246 1031 1359 1098 'omnia

244 1132 381 1224 frugum
408 1157 541 1224 genera¹
561 1135 707 1202 fecunda
735 1148 804 1202 seta
845 1135 932 1200 adeo
955 1147 996 1203 ut
1026 1135 1208 1229 ncusipsis
1238 1149 1360 1200 tantum

245 1237 377 1320 incolis,
398 1261 521 1306 verum
542 1238 643 1305 etiam
663 1235 793 1319 Italiae,
814 1237 959 1326 urbique
973 1237 1157 1322 Romanae,
1171 1246 1359 1304 cunctarum

77 1344 81 1353 ’
131 1338 133 1342 ’
215 1347 359 1408 tirenum
387 1342 628 1408 abunduntiam
657 1341 808 1408 sufficiat.
848 1339 939 1406 Hinc
977 1339 1068 1406 enim
1102 1362 1174 1408 nou
1207 1340 1360 1406 frumenti

245 1457 376 1510 tantum
399 1467 528 1538 magna
541 1445 639 1534 copia
661 1461 728 1542 est,
748 1467 869 1512 verum
891 1442 1038 1521 etvini,
1063 1444 1191 1526 mellis,
1206 1443 1359 1530 oleique3

245 1569 309 1613 nec
335 1547 420 1613 ferri
448 1550 557 1614 solum
583 1549 724 1614 materia
753 1547 937 1636 praecipua
959 1537 1027 1628 est,
1058 1547 1118 1612 sed
1147 1561 1181 1612 et
1202 1569 1359 1635 equorum

214 1651 400 1738 operuices
414 1673 552 1738 greges:
573 1673 638 1716 nec
653 1673 803 1715 summae
827 1647 965 1715 tantum·
981 1663 1092 1716 terrae
1112 1652 1284 1719 laudanda
1304 1653 1359 1716 bc-

172 1757 176 1772 ‘
242 1777 304 1834 ua,
338 1775 458 1818 verum
486 1766 520 1817 et
548 1753 781 1824 abstrusorum
815 1755 1031 1818 metallorum
1065 1751 1181 1820 felices
1212 1753 1355 1818 divitiae,

134 1863 139 1878 ⁸
243 1855 315 1926 Iam
333 1825 415 1936 lini,
437 1854 610 1944 spartique
630 1853 686 1922 vis
710 1853 846 1942 iugens:
878 1853 975 1922 minii
995 1867 1085 1922 certe
1104 1859 1198 1922 nulla
1218 1857 1357 1926 feracior

201 1969 345 2027 atterrat.
390 1957 430 2023 In
458 1958 522 2027 bac
551 1979 666 2024 cursus
696 1957 846 2024 amnium
878 1979 948 2024 noa
976 1972 1144 2024 torrentes
1173 1961 1356 2049 rapidique,

242 2075 280 2128 ut
302 2073 455 2144 noceant,
477 2061 536 2127 sed
557 2062 661 2140 lenes,
679 2072 713 2124 ct
729 2059 841 2126 vineis
862 2059 1054 2150 campisque
1068 2061 1211 2149 irrigui,
1234 2079 1357 2130 aestua·

146 2197 148 2200 >
243 2165 373 2254 riisque
394 2163 522 2230 Oceani
543 2161 686 2230 adfatim
705 2163 843 2251 piscosi,
862 2163 1138 2252 plerique'etiam
1158 2166 1288 2240 divites
1303 2191 1355 2232 au-

212 2275 295 2350 810,
324 2266 415 2356 quod
436 2267 473 2333 iu
508 2264 680 2338 balueibus
717 2268 860 2332 vehunt.
910 2266 992 2336 Uno
1027 2281 1156 2334 tanturn
1191 2269 1356 2360 Pyrenaei

241 2372 366 2438 montis
388 2372 493 2458 dorso
515 2369 676 2436 adhaeret
698 2367 847 2452 Galliae3
870 2370 1009 2459 reliquis
1031 2373 1186 2460 partibus
1214 2374 1354 2462 undique

212 2475 280 2542 ein
301 2475 421 2541 orbem
447 2472 534 2540 mari
563 2472 719 2562 cingitur.
761 2473 883 2541 Forma
912 2488 1022 2540 terrae
1052 2497 1159 2568 prope
1187 2478 1354 2566 quadrata,

240 2577 308 2644 nisi
333 2578 426 2666 quod
456 2576 642 2642 artantibus
668 2575 749 2642 freti
777 2577 935 2644 litoribus
968 2577 1003 2642 iu
1031 2579 1247 2668 Pyrenaeum
1286 2582 1353 2648 coit.
1391 2629 1392 2646 t

201 2766 203 2774 X
240 2681 348 2749 Porro
371 2679 539 2772 Pyrenaei
561 2679 686 2747 montis
708 2679 853 2768 spatium
877 2671 1038 2748 sexcenla
1067 2681 1174 2772 millia
1205 2707 1354 2771 passuum

191 2775 354 2854 toefficit.
397 2784 585 2851 Salubritas
615 2783 703 2850 coeli
732 2805 795 2874 per
826 2805 959 2850 omnem
981 2785 1179 2874 Hispaniam
1201 2781 1354 2875 aequalis,

241 2889 321 2980 quia
343 2886 430 2953 airis
453 2886 592 2974 spiritus
612 2888 705 2952 nulla
728 2887 900 2974 paludium
922 2888 1021 2977 gravi
1048 2889 1171 2954 nebula
1201 2889 1354 2956 inficitur.

108 3057 112 3066 ,
239 2991 317 3058 Huc
339 2990 502 3057 accedunt
523 3003 558 3055 et
586 2990 737 3056 marinas
766 3013 868 3057 aurae
896 2991 1046 3082 nudique
1073 2993 1355 3060 versus2adsidui

116 3169 121 3174 ,
226 3095 348 3176 ,flatus‚
371 3093 493 3182 quibus
514 3101 647 3160 omnem
665 3092 874 3182 provinciam
888 3095 1153 3184 penetrantibus,
1171 3099 1353 3162 eventilato

237 3197 391 3265 terrestri
411 3196 543 3286 spiritu,
563 3196 747 3286 praecipua
767 3197 962 3264 homiuibus
984 3198 1108 3265 sanitas
1129 3199 1299 3266 redditur.

208 3313 225 3368 1
324 3299 418 3368 Car.
437 3325 475 3366 11.
508 3299 670 3386 ¹Corpora
691 3301 863 3368 bominum
886 3301 929 3367 ad
955 3302 1103 3368 inediam
1128 3304 1354 3392 laboremque,
1389 3341 1390 3378 2

237 3404 341 3470 animi
355 3404 397 3471 ad
415 3417 557 3473 mortem
574 3403 695 3490 parati.
735 3405 831 3471 Dura
851 3407 1005 3474 omuibus
1021 3420 1054 3471 et
1068 3406 1230 3472 adstricta
1245 3411 1355 3496 parci-

207 3508 361 3574 2mcnia.
404 3508 552 3590 Bellum,
582 3529 681 3596 quam
700 3509 809 3574 otium
826 3511 971 3578 malunt:
1002 3509 1031 3576 si
1049 3523 1233 3575 extraneus
1254 3513 1353 3592 deest,

184 3611 332 3678 -3dumi
353 3612 483 3677 bostem
503 3613 700 3699 quaeritas
723 3611 832 3702 Saepe
861 3615 1039 3680 tormentis
1058 3633 1122 3702 pro
1143 3613 1281 3680 silentio
1299 3615 1354 3679 r'e-

238 3737 314 3780 rum
339 3714 544 3780 creditarum
565 3713 758 3780 immortui:
787 3717 872 3784 adeo
893 3717 962 3783 illis
984 3717 1099 3806 potior
1118 3716 1353 3786 taciturnitatis

207 3823 337 3892 leura,
372 3840 473 3906 (luam
499 3819 602 3886 vitae.
645 3817 843 3886 Celebrutur
874 3821 975 3887 eliam
1004 3823 1094 3886 bello
1114 3819 1244 3888 Punico
1264 3820 1354 3886 servi
1388 3805 1389 3818 ¹

237 3919 329 3992 itlius
351 3919 531 4013 patientia,
564 3921 624 4013 qui
642 3923 733 3990 ultus
758 3923 949 4008 dominum,
982 3922 1072 3990 inter
1094 3937 1260 3992 tormenta
1286 3924 1352 3990 risu

594 4098 664 4144 urv.
688 4103 788 4164 uror„
802 4101 930 4146 untur.
1002 4095 1009 4118 '

233 4275 242 4294 ·’
279 4254 361 4318 Gar.
383 4277 410 4318 t.
439 4255 466 4338 ξ.
489 4263 520 4321 7.
564 4255 645 4342 quod
666 4255 1073 4340 impeiudidusuelusnt.
1152 4214 1159 4234 ¹

281 4357 362 4452 (lar.
385 4361 470 4454 stul.
492 4370 526 4425 30
567 4361 649 4424 odeo·
665 4358 732 4422 tlltn
742 4360 904 4449 sortior
917 4366 1134 4458 acciturus'tntis
1150 4385 1234 4426 caru.
