2740 4854
195 291 252 344 ua
274 253 576 354 uacatione.
600 293 837 380 scuritas
860 258 989 360 auca.=
1032 325 1035 336 .
1111 281 1197 358 nvn

20 454 184 526 conditoris
205 456 308 545 regni
326 454 570 536 Macedonici„
588 456 766 547 imperium
787 455 1050 544 praecedentia3¹
1074 447 1201 548 tinibus

20 567 80 610 cun
98 541 140 612 ad
158 542 270 633 ipsum
291 567 396 632 usque
410 557 521 609 ortum
533 565 731 632 regnorum,
752 565 838 632 quae
852 543 961 630 prima
976 541 1079 610 fuisse
1093 549 1198 634 vulgo

19 630 168 710 seruntur,
203 629 379 699 recederet
408 641 551 710 auctor,
580 652 622 696 ec
651 627 798 696 maxime
813 625 861 700 ,iu
889 649 1041 706 errorem
1067 629 1201 704 inducti

20 739 76 780 esse
92 711 398 795 sidentur-critici,
435 713 494 804 qui
513 714 690 782 historiam
715 713 942 786 universalem
952 715 1199 788 condecere-a,

19 801 102 866 luisse
122 799 277 889 Trogum
298 800 364 866 sibi
385 799 638 887 persuaderent.
690 799 818 868 Verum
839 821 893 864 res
914 797 988 888 ipsa
1008 802 1203 886 docetnon·

19 901 71 951 tau
89 887 153 952 late
174 884 322 974 patuisse
346 885 463 978 Trogi
478 885 673 967 consilium,
710 883 835 972 quippe
865 883 923 972 qni
952 907 1021 964 uon
1049 890 1205 960 omnium

19 972 201 1060 populorum
223 969 474 1060 antiquitatem,
509 972 569 1040 sed
592 993 709 1038 eorum
730 983 859 1036 tantum
880 967 940 1057 qui
958 969 1203 1046 Macedonibus

37 1071 116 1122 cetea
141 1058 208 1124 ret
227 1071 415 1146 paruerunt
437 1057 495 1123 vel
517 1057 676 1146 proxime
698 1078 774 1122 cum
795 1055 837 1120 iis
859 1054 1030 1122 coniuncti
1050 1057 1199 1144 fuerunt,

19 1081 176 1209 lentarum
210 1140 366 1228 inprimis
401 1155 435 1208 et
464 1139 676 1218 ‚Graecorum
708 1163 763 1206 res
790 1153 900 1230 gestae
927 1141 964 1206 iu
991 1137 1033 1208 iis
1066 1147 1214 1214 traderer
1302 1219 1305 1228 k

19 1226 156 1294 voluerit.
199 1226 323 1315 Incipit
349 1227 463 1316 itaque
490 1229 533 1296 ab
561 1226 786 1318 Assyriorum
815 1240 850 1294 et
878 1223 1055 1301 Medorum
1076 1233 1202 1320 reguis,

20 1337 86 1398 qnae
115 1315 229 1394 tam'en
259 1326 324 1400 pro
348 1313 486 1385 consilii
516 1312 650 1388 ratione
676 1313 801 1391 leniter
827 1323 960 1380 tantum
990 1315 1204 1404 perstrinxit.

20 1398 85 1464 llox
104 1397 196 1470 enim
215 1397 351 1468 transiit
372 1399 414 1470 ad
436 1399 615 1472 Persarum
636 1397 834 1488 imperium,
881 1395 931 1464 ita
953 1413 989 1466 ut
1010 1397 1086 1486 ipsc
1108 1404 1209 1470 libro.

19 1489 113 1569 primo
133 1505 208 1552 nou
231 1482 315 1572 Gyri
336 1485 439 1552 mode
462 1497 495 1550 et
515 1483 694 1574 Cambysis
714 1479 875 1562 historia,
911 1483 971 1550 sed
993 1483 1093 1554 Darii
1112 1485 1208 1574 quoe

21 1592 69 1656 que
94 1568 276 1670 Hystaspis
303 1567 367 1636 filii
393 1569 624 1658 initiatusque
651 1571 693 1634 ad
722 1570 847 1638 bellum
870 1565 1065 1656 Scytbicum
1081 1575 1205 1640 „conti-

19 1669 168 1720 nerentur.
214 1655 322 1728 simut
348 1677 433 1722 vero
462 1655 519 1722 hic
545 1678 629 1722 sese.
648 1668 766 1743 sponte
788 1655 957 1722 obtulerat
978 1655 1129 1739 occasio,
1166 1674 1205 1726 ut

19 1752 74 1804 tum
91 1739 269 1829 Lydorum
290 1753 324 1806 et
345 1741 405 1828 qni
424 1742 467 1808 ab
488 1739 541 1806 his
562 1739 700 1808 oriundi
722 1741 879 1806 dicuntur
902 1737 1109 1820 Tuscorum,
1131 1755 1205 1812 turn

21 1825 211 1894 Graecorum
221 1825 269 1891 'ln
288 1827 375 1894 Asia
394 1851 450 1894 res
471 1841 672 1926 exponeret.
714 1825 911 1904 Praeterea,
933 1848 1008 1892 cum
1026 1824 1206 1916 Cambysis

20 1911 165 1980 adversus
187 1911 383 2002 Aegyptios
405 1911 581 1998 expeditio
604 1913 791 1980 enarranda
810 1913 916 1990 esset,
945 1912 1208 2000 Aegyptiorum

21 2019 137 2084 quoque
158 1996 393 2085 antiquitatem
414 1997 581 2084 attigerat.
617 1995 732 2070 ¹Libro
754 1993 911 2062 secundo
935 2000 1207 2086 comprehende-

21 2081 124 2146 bantur
145 2095 220 2148 tum
240 2083 371 2182 reliqua
393 2083 491 2150 Darii
512 2083 593 2148 inde
616 2083 658 2148 ab
680 2079 900 2170 expeditione
920 2081 1098 2170 Scythica,
1132 2099 1206 2154 tum

22 2165 135 2256 integra
145 2167 279 2234 Xerxis
291 2169 445 2236 historia.
475 2168 653 2236 Persarum
666 2189 751 2234 vero
765 2166 801 2232 in
816 2166 959 2254 Scythas
976 2169 1099 2238 bellum
1115 2171 1209 2262 Scy·-
1243 2221 1248 2238 .

21 2253 94 2316 thiae
108 2252 209 2318 simul
224 2267 258 2318 et
273 2254 373 2322 Ponti
387 2254 524 2342 eiusque
538 2253 727 2320 incolarum
742 2251 961 2340 descriptioni
977 2253 1088 2320 locum
1104 2256 1209 2324 densa

23 2351 70 2402 rat.
104 2337 255 2410 Ventum
274 2339 341 2405 iam
357 2343 485 2406 eratatl
504 2341 591 2409 bella
606 2340 782 2409 Persarum
798 2361 872 2402 cum
889 2337 1038 2421 Graecis,
1059 2341 1211 2409 maxime
1235 2363 1238 2373 ‘

11 2423 289 2506 ¹Atheniensibus,
318 2447 405 2513 quae
426 2439 465 2490 ut
486 2425 690 2506 declararet,
727 2423 769 2488 de
790 2422 1053 2514 Atheniensium
1071 2441 1153 2494 ,ortu
1174 2441 1210 2494 et

24 2509 177 2596 republica
201 2510 370 2596 copiosius
396 2511 576 2578 dicendum
598 2533 688 2591 esse,
715 2530 776 2574 res
796 2507 871 2596 ipsa
891 2510 1060 2576 monebat.
1101 2511 1207 2580 Prae-

25 2606 97 2661 terea
125 2592 391 2680 Thessalorum,
444 2595 502 2686 qui
530 2597 652 2661 Persas
684 2593 722 2658 in
750 2591 928 2660 Graeciam
963 2593 1209 2680 excitaverant,

25 2679 154 2768 origines
184 2680 480 2769 erautrepetitae.
524 2679 793 2746 Continuabatur
826 2681 934 2744 tertio
962 2678 1054 2748 libro
1083 2675 1211 2750 Persa.-

25 2786 82 2830 rum
101 2781 181 2855 post
203 2770 352 2832 Xerxem
375 2769 437 2833 sub
458 2766 658 2832 Artaxerxe
678 2763 807 2853 primo,
845 2765 1000 2854 Aegypti
1030 2789 1116 2853 quae
1145 2769 1212 2834 de-

25 2851 152 2918 sciverat
182 2851 434 2940 expugnatione
453 2851 612 2918 maxime
640 2851 749 2930 claro,
784 2847 937 2914 historia.
977 2849 1030 2916 Et,
1047 2853 1212 2925 numiam

25 2937 58 3001 ad
75 2938 159 3003 bella
180 2953 320 3016 ventum
339 2951 447 3017 esset,
461 2960 556 3024 -quas
579 2935 718 3015 Graeci,
739 2933 889 2998 maxi-me
909 2956 995 3001 vero
1015 2937 1214 3010 Atheniens-

26 3045 66 3086 scs
84 3037 116 3090 st
132 3021 292 3114 Spartani
312 3023 379 3090 sibi
399 3023 546 3089 invicem
567 3021 743 3100 inferrent,
766 3019 944 3106 expositae
964 3035 1060 3088 erent
1082 3046 1102 3088 a
1122 3025 1213 3093 scri-

27 3123 106 3195 ptcre
127 3112 159 3176 ἒν
183 3110 370 3196 παραβάσει
392 3107 696 3200 Peloponnensium
717 3105 887 3191 origines,
909 3129 948 3172 ac
961 3105 1080 3176 Dorici
1093 3109 1214 3196 populi
1316 3149 1317 3160 κ

26 3195 240 3282 migrationes.
283 3193 580 3284 Sapientereoim
610 3194 694 3258 haec
724 3189 889 3278 Trogus,
918 3214 994 3258 cum
1016 3191 1058 3258 de
1080 3194 1213 3282 reliqua

4 3337 5 3342 ,
29 3277 154 3347 Graecia
172 3305 280 3370 supra
301 3280 370 3348 iam
391 3281 522 3346 locutus
545 3289 650 3359 esset,
672 3299 715 3342 ne
735 3277 880 3346 lectores
901 3276 1140 3358 confunderet,
1170 3280 1215 3350 ad

4 3365 104 3431 bunc·
132 3368 247 3434 locum
270 3359 524 3448 reservaverat.
566 3363 721 3429 Deducta
748 3383 834 3430 vero
864 3375 935 3438 erat
963 3363 1002 3429 iu
1031 3363 1096 3432 boc
1122 3365 1214 3439 libro
1271 3371 1274 3374 ’
1345 3354 1348 3360 ’

29 3448 177 3520 Graeciae
194 3452 341 3536 ,historia
361 3448 467 3540 usque
489 3450 533 3519 ad
549 3449 676 3515 bellum
696 3447 1026 3534 Peloponnesiacum,
1047 3463 1080 3515 et
1097 3453 1216 3518 Athe-
1331 3463 1335 3474 ’

28 3535 181 3608 niensium
215 3537 253 3604 in
288 3559 329 3606 ec
364 3537 400 3604 in
428 3535 578 3620 Siciliam
610 3533 874 3620 expeditionem.
915 3531 1220 3622 Opportunitatsm'
1271 3558 1276 3568 ’

29 3619 97 3692 baec
122 3623 332 3712 praebebant
361 3620 482 3713 Trogo
499 3621 553 3712 ¹¹ad
581 3643 636 3687 res
659 3618 796 3702 Siciliae
818 3619 1055 3706 explicandas,
1092 3623 1216 3712 quibus

4 3781 5 3786 γ
29 3703 182 3796 integrum
206 3727 376 3859 paternum
397 3709 510 3795 operis
536 3707 661 3772 librum
683 3703 927 3784 destinaverat,
948 3705 997 3776 ita
1018 3719 1132 3774 utens
1154 3731 1219 3774 us·-

4 3807 6 3868 }
31 3815 82 3878 que
101 3793 145 3859 ad
168 3793 211 3860 de
225 3807 315 3860 etam
336 3799 357 3860 a
377 3791 599 3883 Syracusanis
620 3789 883 3860 Atheniensium
904 3792 1041 3858 classem
1064 3791 1220 3860 deduce-
1330 3843 1331 3850 ,

4 3913 6 3936 ι
30 3891 79 3943 ret.
118 3878 239 3947 Rediit
259 3893 331 3952 tum
352 3879 520 3968 proximo
543 3877 637 3944 titro
660 3875 703 3942 ad
724 3874 952 3962 propositum,
988 3877 1068 3945 dum
1088 3873 1220 3966 reliqua

4 4011 6 4048 3
31 3963 98 4029 belli
116 3965 397 4054 Peloponnesiaci
424 3977 458 4030 et
485 3985 573 4054 quae
601 3977 680 4050 post
699 3959 784 4026 illud
806 3961 868 4028 snb
890 3961 1133 4050 Spartanorum
1154 3987 1221 4034 au7
1277 3983 1280 3990 ·

4 4049 7 4140 l
34 4048 131 4136 spiclis
159 4075 199 4119 ns
225 4075 265 4117 ue
293 4052 336 4118 ad
360 4049 449 4141 ¹Cyri
475 4047 621 4116 iunioris
648 4046 685 4112 in
711 4043 865 4144 fratrem·
878 4046 1150 4146 expeditionem,
1187 4061 1221 4114 et
1280 4059 1287 4136 ss

4 4171 6 4214 ς
34 4135 135 4203 decem
151 4076 297 4210 suillium
320 4136 529 4203 Graecorum
544 4133 711 4216 diddensi,
734 4153 834 4218 quam
853 4154 890 4198 m
910 4132 1065 4224 eptsodro
1088 4134 1222 4200 descri-

34 4235 151 4305 pserat,
183 4237 278 4310 gesta
298 4235 413 4302 erant,
431 4233 647 4307 ¹exponeret,
689 4217 793 4286 Sexti
814 4216 892 4286 deni
917 4243 961 4286 ue
983 4217 1064 4284 libri
1085 4217 1221 4286 initium

4 4311 6 4376 ῗ
34 4305 154 4374 altello
176 4315 266 4392 erat,
285 4309 378 4396 quod
399 4305 559 4396 Spartani
578 4306 640 4372 sub
655 4300 821 4392 Agesilao
842 4300 881 4370 in
949 4303 982 4371 ia
1003 4317 1121 4372 conus
1134 4303 1223 4389 Pet?

4 4499 9 4518 ’
124 4809 126 4814 ,
