2708 4858
195 299 885 400 ··111sr0n.n1s.>saturamine
939 361 948 384 ,
988 259 1001 291 ⁶
1039 295 1113 366 tot

22 477 41 542 .i
68 487 175 543 omnes
210 473 342 542 misere.
377 473 523 562 Frater
537 491 688 565 quoque*
710 477 922 544 Ptolemaeus
953 476 1138 566 pericul06
1212 519 1215 533 .

22 581 120 646 sororis
147 579 348 674 exterritus,
383 579 504 664 relicto
533 601 655 667 reguo,
686 603 761 646 cum
790 579 946 646 omnibus
974 580 1133 652 viribus

22 685 163 749 r.dvolat
191 682 258 748 Sed
289 661 454 750 Berenice
480 697 558 748 ante
581 684 763 748 aduentum
786 682 1008 762 auxiliorum,
1030 693 1136 748 cum?

21 785 43 852 d
69 785 251 878 expugnari
272 809 340 852 noa
366 798 498 876 posset,
528 786 607 852 dolo
631 787 874 867 circumuenta,
907 783 1108 860 trucidatur.

21 889 133 979 indigna
153 912 208 954 res
231 890 386 955 omnibus
408 890 509 956 visa·
534 887 657 977 ltaque.
674 913 749 956 cum
771 891 950 958 universae
979 889 1136 956 civita-8

21 1007 67 1074 tes,
99 1016 179 1082 quae
211 989 423 1072 defecerant,
462 991 633 1078 ingentem
668 996 807 1058 classem
849 1007 1108 1109 comparassent,
1182 1041 1186 1048 .

20 1107 129 1179 repente
150 1099 308 1196 exemplo
331 1095 538 1165 crudelitatis
567 1096 768 1178 exterritae,
796 1096 895 1162 simul
925 1110 959 1162 et
982 1096 1022 1162 in
1048 1097 1107 1160 ul·
1184 1138 1188 1145 -

20 1195 118 1262 tionem
140 1197 232 1280 eius,
263 1223 370 1318 ‘quam
391 1197 565 1264 defensuri
586 1215 700 1277 erunt,
736 1200 930 1266 Ptolemaeo
959 1221 996 1264 se
1029 1214 1106 1264 tra·-
1178 1188 1180 1199 ’

20 1299 93 1366 dunt:
117 1301 194 1388 qui,
205 1303 273 1370 nisi
294 1303 332 1368 in
345 1304 545 1391 Aegyptum
561 1301 743 1370 domestica
765 1301 933 1372 seditione
954 1323 1101 1368 revoca·
1116 1259 1137 1364 o

19 1415 179 1486 lacesset,
212 1417 322 1472 totum
361 1427 503 1494 reguum
538 1405 671 1472 Seleuci
707 1419 911 1494 occupasset.
956 1405 1158 1472 Tantumlo

19 1509 58 1568 tel
74 1506 117 1572 illi
131 1508 246 1574 odium
267 1507 469 1622 parricidale
489 1510 607 1588 scelus,
622 1511 679 1574 vel
697 1508 776 1574 huic
794 1507 947 1576 savorem
966 1508 1063 1597 indig
1044 1531 1106 1574 ‹ue

19 1624 163 1720 peremtae
181 1633 275 1678 mors
297 1632 443 1692 sororis,
465 1613 633 1676 attulerat.

82 1691 163 1780 Gar.
177 1739 216 1780 11.
261 1715 342 1782 Post
355 1713 750 1796 discessumPtolemaet
766 1715 923 1784 Seleucus
937 1739 1013 1782 oum
1035 1660 1100 1780 ad·
1114 1723 1129 1778 t

18 1839 110 1883 versus
127 1818 299 1899 civitates,
321 1841 406 1906 quae
428 1816 634 1898 defecerant,
656 1817 828 1904 ingentem
848 1821 987 1886 classem
1008 1839 1106 1882 coan-

18 1935 148 2008 parasset,
158 1935 299 2012 repente
310 1921 417 1986 veluti
428 1919 502 1986 Diis
517 1919 601 2007 ipsis
614 1867 1105 2008 liuta-icidium'ttintlicautibus¹
1134 1935 1140 1952 '
1232 1999 1235 2006 Ι

19 2036 75 2089 crta
93 2037 285 2114 tempestate
307 2026 446 2090 classem
467 2022 645 2110 naufragio
666 2023 806 2104 amittit:
841 2049 903 2096 nec
925 2025 1140 2113 quidquam
1219 2019 1221 2028 ’

18 2125 55 2192 illi
71 2152 110 2194 ex
129 2141 220 2195 tanto
245 2141 425 2217 apparatu,
454 2138 599 2216 praeter
617 2126 741 2190 nudum
766 2149 906 2215 corpus,
935 2144 970 2194 et
997 2126 1106 2216 spiri-

18 2241 84 2312 tum,
108 2245 138 2298 et
165 2253 291 2320 paucos
322 2230 492 2318 naulragii
519 2228 661 2296 comites·
679 2228 832 2298 residuos
851 2233 988 2298 fortuna
1014 2231 1105 2296 fecit.

18 2331 114 2399 llisera
135 2336 271 2424 quidem
293 2359 366 2416 res,
388 2334 447 2400 sed
476 2333 624 2420 optanda
650 2332 791 2401 Seleuco
817 2335 904 2402 fuit:
937 2335 1135 2424 siquidem3

19 2435 151 2520 ciuitates,
173 2462 260 2528 qnae
282 2434 362 2505 odio
385 2438 457 2503 eius
480 2437 522 2501 ad
542 2436 769 2502 Ptolemaeum
783 2439 994 2519 transierant,
1010 2441 1105 2504 velut

18 2535 74 2605 Diis
97 2541 226 2632 arbitris
257 2541 463 2608 satisfactum
486 2538 552 2604 sibi
574 2553 678 2618 esset,
717 2540 893 2627 repentina
917 2541 1105 2606 animorum

18 2643 232 2712 mutationem
255 2645 425 2732 naufragii
446 2641 711 2708 misericordiam
733 2663 868 2722 versae,
897 2643 1042 2730 imperi-o
1063 2669 1104 2712 se

19 2741 72 2808 eius
89 2747 272 2814 restituunt.
312 2745 469 2814 Laetus'
457 2745 562 2832 agitur
583 2743 680 2808 malis
702 2742 781 2824 suis,
798 2757 831 2808 et
852 2745 982 2810 damnis
996 2747 1134 2814 ditiore

18 2847 172 2954 redditus,·
189 2849 300 2917 veluti
336 2873 399 2938 par
423 2847 572 2928 viribus,
608 2847 734 2912 bellum
763 2847 955 2915 Ptolemaeo
983 2850 1104 2918 insert:
1160 2855 1162 2862 ’

18 2949 62 3014 ted
79 2953 166 3040 quasi
170 2929 230 3020 ad
251 2951 440 3020 ludibrium
467 2963 596 3016 tantum
623 2948 779 3016 fortunae
800 2965 896 3018 natus
918 2967 1016 3031 esset,
1039 2963 1131 3022 nec5

18 3067 131 3142 propter
156 3056 248 3122 aliud
275 3077 358 3144 opes
386 3055 486 3144 regni
514 3053 715 3142 recepisset,
744 3070 902 3142 quarunt
924 3056 1131 3138 amitteret,

18 3153 103 3222 uictus
120 3159 258 3248 praelio,
278 3180 347 3227 non
369 3162 476 3231 multo
498 3181 599 3246 quam
621 3171 698 3245 post
722 3157 936 3254 naufragium
958 3161 1102 3226 comita-

18 3257 82 3341 tior,
106 3263 267 3351 trepidus
277 3263 498 3332 Antiochiam
519 3260 654 3350 consu
624 3277 681 3328 ort.
724 3243 807 3326 Inde
829 3263 871 3327 ad
894 3265 1131 3350 Antiochumo
1168 3289 1172 3302 ¹
1220 3325 1225 3334 ,

18 3357 131 3428 fratrem
150 3365 278 3431 litteras
299 3364 397 3432 facit:
426 3365 548 3454 quibus
570 3365 733 3430 auxilium
755 3364 827 3430 eius
847 3365 1015 3482 implorat,
1034 3369 1103 3434 ob·-

18 3449 112 3528 latt't
87 3491 115 3532 er
134 3467 259 3552 Asia,
249 3483 338 3536 antra
359 3469 443 3536 fines
464 3467 572 3534 Tauri
593 3468 727 3548 montis,
750 3467 787 3532 in
810 3469 1018 3556 praemium
1016 3474 1104 3538 latae

18 3567 82 3651 ouis
118 3571 307 3638 Antiochus
344 3583 454 3638 autem
486 3594 560 3636 cum
590 3585 679 3636 esset
713 3593 818 3636 annos
853 3575 1137 3659 quatuordecim?

16 3682 107 3752 natus,
136 3675 234 3762 supra
261 3675 404 3743 aetatem
432 3675 529 3762 regni
552 3673 689 3752 auidus,
712 3673 922 3742 occasionem
949 3700 1015 3744 non
1036 3673 1124 3744 tam*
1212 3667 1215 3678 l
1301 3669 1306 3678 ’

16 3768 59 3850 pic
76 3775 188 3858 animo,
211 3801 311 3866 quam
333 3779 548 3858 offerebatur,
569 3775 734 3863 adripuit:
773 3778 832 3859 sed
848 3779 988 3848 latronis
1007 3803 1102 3846 more
1147 3790 1150 3794 ’
1181 3809 1185 3816 ·
1235 3813 1239 3825 ⁴
1322 3769 1326 3800 ³

17 3883 101 3941 totum
121 3879 216 3949 fratri
237 3880 370 3969 eripere
392 3881 550 3968 cupiens,
582 3902 668 3966 puer
689 3882 883 3948 sceleratam
903 3877 1104 3970 virilemque

17 3977 98 4045 sumit
121 3982 300 4055 audaciora.
342 3977 443 4056 Unde
474 3983 618 4050 Hieran
645 3997 696 4050 eat
727 3984 996 4076 cognominatus:
1026 3983 1138 4074 quiae

313 4165 317 4172 ¹
422 4165 496 4206 nrv.
512 4162 610 4218 „asem
631 4161 756 4219 cassu.

49 4302 115 4370 Clu.
139 4318 283 4404 t.§.10.
322 4311 530 4400 perricitliule.
