<?xml version="1.0" encoding="UTF-8"?>
<!DOCTYPE html PUBLIC "-//W3C//DTD XHTML 1.0 Transitional//EN"
    "http://www.w3.org/TR/xhtml1/DTD/xhtml1-transitional.dtd">
<html xmlns="http://www.w3.org/1999/xhtml" xml:lang="en" lang="en">
 <head>
  <title>
</title>
<meta http-equiv="Content-Type" content="text/html;charset=utf-8" />
  <meta name='ocr-system' content='tesseract 3.04.00' />
  <meta name='ocr-capabilities' content='ocr_page ocr_carea ocr_par ocr_line ocrx_word'/>
</head>
<body>
  <div class='ocr_page' id='page_1' title='image "./historiaephilip01justgoog_0019.png"; bbox 0 0 2796 4866; ppageno 0'>
   <div class='ocr_carea' id='block_1_1' title="bbox 182 330 1107 409">
    <p class='ocr_par' dir='ltr' id='par_1_1' title="bbox 182 330 1107 409">
     <span class='ocr_line' id='line_1_1' title="bbox 182 330 1107 409; baseline -0.005 -24"><span class='ocrx_word' id='word_1_1' title='bbox 182 339 250 408; x_wconf 34' lang='grc' dir='ltr'><strong>,ιι</strong></span> <span class='ocrx_word' id='word_1_2' title='bbox 428 335 558 388; x_wconf 79' lang='lat' dir='ltr'><strong>ross</strong></span> <span class='ocrx_word' id='word_1_3' title='bbox 598 333 653 409; x_wconf 79' lang='lat' dir='ltr'><strong>aa</strong></span> <span class='ocrx_word' id='word_1_4' title='bbox 691 331 850 382; x_wconf 83' lang='lat' dir='ltr'><strong>rnoso</strong></span> <span class='ocrx_word' id='word_1_5' title='bbox 888 330 1107 380; x_wconf 72' lang='lat' dir='ltr'><strong>roureio</strong></span> 
     </span>
    </p>
   </div>
   <div class='ocr_carea' id='block_1_2' title="bbox 104 491 1337 819">
    <p class='ocr_par' dir='ltr' id='par_1_2' title="bbox 104 491 1337 819">
     <span class='ocr_line' id='line_1_2' title="bbox 218 491 1335 584; baseline -0.008 -20"><span class='ocrx_word' id='word_1_6' title='bbox 218 497 402 565; x_wconf 75' lang='lat' dir='ltr'><strong>Christum.</strong></span> <span class='ocrx_word' id='word_1_7' title='bbox 443 494 620 584; x_wconf 76' lang='lat' dir='ltr'>Philippus</span> <span class='ocrx_word' id='word_1_8' title='bbox 634 494 820 582; x_wconf 82' lang='lat' dir='ltr'><strong>Bergomas</strong></span> <span class='ocrx_word' id='word_1_9' title='bbox 841 493 879 560; x_wconf 88' lang='lat' dir='ltr'><strong>in</strong></span> <span class='ocrx_word' id='word_1_10' title='bbox 900 493 1136 583; x_wconf 85' lang='lat' dir='ltr'><strong>supplemento</strong></span> <span class='ocrx_word' id='word_1_11' title='bbox 1152 491 1280 561; x_wconf 82' lang='lat' dir='ltr'><strong>Chron.</strong></span> <span class='ocrx_word' id='word_1_12' title='bbox 1304 505 1335 557; x_wconf 88' lang='lat' dir='ltr'><strong>et</strong></span> 
     </span>
     <span class='ocr_line' id='line_1_3' title="bbox 194 577 1336 666; baseline -0.007 -17"><span class='ocrx_word' id='word_1_13' title='bbox 194 599 295 652; x_wconf 76' lang='lat' dir='ltr'><strong>,ante</strong></span> <span class='ocrx_word' id='word_1_14' title='bbox 323 607 400 649; x_wconf 88' lang='lat' dir='ltr'><strong>eum</strong></span> <span class='ocrx_word' id='word_1_15' title='bbox 427 580 608 647; x_wconf 75' lang='lat' dir='ltr'><strong>Gu‘alterus</strong></span> <span class='ocrx_word' id='word_1_16' title='bbox 636 579 801 646; x_wconf 85' lang='lat' dir='ltr'><strong>Burlaeus</strong></span> <span class='ocrx_word' id='word_1_17' title='bbox 829 579 866 646; x_wconf 88' lang='lat' dir='ltr'><strong>in</strong></span> <span class='ocrx_word' id='word_1_18' title='bbox 893 581 985 646; x_wconf 90' lang='lat' dir='ltr'><strong>libro</strong></span> <span class='ocrx_word' id='word_1_19' title='bbox 1013 581 1056 644; x_wconf 88' lang='lat' dir='ltr'><strong>d&#39;e</strong></span> <span class='ocrx_word' id='word_1_20' title='bbox 1076 579 1159 646; x_wconf 84' lang='lat' dir='ltr'><strong>vitis</strong></span> <span class='ocrx_word' id='word_1_21' title='bbox 1179 577 1336 666; x_wconf 90' lang='lat' dir='ltr'><strong>philoso-</strong></span> 
     </span>
     <span class='ocr_line' id='line_1_4' title="bbox 104 661 1337 819; baseline -0.007 -84"><span class='ocrx_word' id='word_1_22' title='bbox 104 681 126 722; x_wconf 86' lang='lat'><strong>·&#39;</strong></span> <span class='ocrx_word' id='word_1_23' title='bbox 200 661 392 819; x_wconf 70' lang='lat' dir='ltr'><strong>phorum(</strong></span> <span class='ocrx_word' id='word_1_24' title='bbox 422 666 613 748; x_wconf 84' lang='lat' dir='ltr'><strong>tradidere,</strong></span> <span class='ocrx_word' id='word_1_25' title='bbox 657 663 928 754; x_wconf 69' lang='lat' dir='ltr'><strong>Trogumlhuno</strong></span> <span class='ocrx_word' id='word_1_26' title='bbox 955 664 1061 732; x_wconf 86' lang='lat' dir='ltr'><strong>fuisse</strong></span> <span class='ocrx_word' id='word_1_27' title='bbox 1081 676 1337 762; x_wconf 72' lang='lat' dir='ltr'><strong>praeceptorem</strong></span> 
     </span>
    </p>
   </div>
   <div class='ocr_carea' id='block_1_3' title="bbox 236 747 1337 849">
    <p class='ocr_par' dir='ltr' id='par_1_3' title="bbox 236 747 1337 849">
     <span class='ocr_line' id='line_1_5' title="bbox 236 747 1337 849; baseline -0.009 -29"><span class='ocrx_word' id='word_1_28' title='bbox 236 753 361 834; x_wconf 52' lang='lat' dir='ltr'><strong>urrini.</strong></span> <span class='ocrx_word' id='word_1_29' title='bbox 383 767 484 842; x_wconf 92' lang='lat' dir='ltr'><strong>atque</strong></span> <span class='ocrx_word' id='word_1_30' title='bbox 507 765 687 849; x_wconf 77' lang='lat' dir='ltr'><strong>utrumque</strong></span> <span class='ocrx_word' id='word_1_31' title='bbox 713 749 874 817; x_wconf 75' lang='lat' dir='ltr'><strong>claruisse</strong></span> <span class='ocrx_word' id='word_1_32' title='bbox 907 752 1060 838; x_wconf 80' lang='lat' dir='ltr'><strong>tempore</strong></span> <span class='ocrx_word' id='word_1_33' title='bbox 1082 748 1254 816; x_wconf 76' lang='lat' dir='ltr'><strong>Antonini</strong></span> <span class='ocrx_word' id='word_1_34' title='bbox 1276 747 1337 814; x_wconf 87' lang='lat' dir='ltr'><strong>Pii.</strong></span> 
     </span>
    </p>
   </div>
   <div class='ocr_carea' id='block_1_4' title="bbox 90 829 1337 934">
    <p class='ocr_par' dir='ltr' id='par_1_4' title="bbox 90 829 1337 934">
     <span class='ocr_line' id='line_1_6' title="bbox 90 829 1337 934; baseline -0.009 -27"><span class='ocrx_word' id='word_1_35' title='bbox 90 829 92 834; x_wconf 31' lang='lat'>⁸</span> <span class='ocrx_word' id='word_1_36' title='bbox 217 839 285 906; x_wconf 85' lang='lat' dir='ltr'><strong>Sed</strong></span> <span class='ocrx_word' id='word_1_37' title='bbox 320 841 386 904; x_wconf 91' lang='lat' dir='ltr'><strong>hoc</strong></span> <span class='ocrx_word' id='word_1_38' title='bbox 422 837 590 903; x_wconf 87' lang='lat' dir='ltr'><strong>somnium</strong></span> <span class='ocrx_word' id='word_1_39' title='bbox 625 837 693 934; x_wconf 44' lang='lat' dir='ltr'><strong>imp</strong></span> <span class='ocrx_word' id='word_1_40' title='bbox 729 859 815 926; x_wconf 87' lang='lat' dir='ltr'><strong>quae</strong></span> <span class='ocrx_word' id='word_1_41' title='bbox 842 837 1014 915; x_wconf 39' lang='lat' dir='ltr'><strong>diximus..</strong></span> <span class='ocrx_word' id='word_1_42' title='bbox 1048 835 1130 902; x_wconf 88' lang='lat' dir='ltr'><strong>satis</strong></span> <span class='ocrx_word' id='word_1_43' title='bbox 1161 831 1337 900; x_wconf 78' lang='lat' dir='ltr'><strong>refellitur.</strong></span> 
     </span>
    </p>
   </div>
   <div class='ocr_carea' id='block_1_5' title="bbox 117 919 1375 1952">
    <p class='ocr_par' dir='ltr' id='par_1_5' title="bbox 117 919 1375 1952">
     <span class='ocr_line' id='line_1_7' title="bbox 134 919 1340 1011; baseline -0.01 -19"><span class='ocrx_word' id='word_1_44' title='bbox 134 933 139 946; x_wconf 81' lang='lat'>&#39;</span> <span class='ocrx_word' id='word_1_45' title='bbox 215 923 360 1011; x_wconf 77' lang='lat' dir='ltr'><strong>Scripsit</strong></span> <span class='ocrx_word' id='word_1_46' title='bbox 380 922 519 1010; x_wconf 78' lang='lat' dir='ltr'><strong>Trogus</strong></span> <span class='ocrx_word' id='word_1_47' title='bbox 546 920 811 1010; x_wconf 81' lang='lat' dir='ltr'><strong>Philipplcarum</strong></span> <span class='ocrx_word' id='word_1_48' title='bbox 836 921 1057 996; x_wconf 79' lang='lat' dir='ltr'><strong>historiarum</strong></span> <span class='ocrx_word' id='word_1_49' title='bbox 1092 921 1201 986; x_wconf 89' lang='lat' dir='ltr'><strong>libros</strong></span> <span class='ocrx_word' id='word_1_50' title='bbox 1226 919 1340 1001; x_wconf 89' lang='lat' dir='ltr'><strong>XLlV,</strong></span> 
     </span>
     <span class='ocr_line' id='line_1_8' title="bbox 216 1005 1375 1112; baseline -0.004 -37"><span class='ocrx_word' id='word_1_51' title='bbox 216 1031 360 1101; x_wconf 86' lang='lat' dir='ltr'><strong>quarum</strong></span> <span class='ocrx_word' id='word_1_52' title='bbox 381 1031 470 1108; x_wconf 73' lang='lat' dir='ltr'><strong>nupc</strong></span> <span class='ocrx_word' id='word_1_53' title='bbox 493 1007 663 1106; x_wconf 85' lang='lat' dir='ltr'><strong>epitomen</strong></span> <span class='ocrx_word' id='word_1_54' title='bbox 696 1010 802 1074; x_wconf 87' lang='lat' dir='ltr'><strong>solam</strong></span> <span class='ocrx_word' id='word_1_55' title='bbox 824 1031 843 1074; x_wconf 90' lang='lat' dir='ltr'><strong>a</strong></span> <span class='ocrx_word' id='word_1_56' title='bbox 864 1006 1251 1112; x_wconf 76' lang='lat' dir='ltr'><strong>lustiuoconcinnatam</strong></span> <span class='ocrx_word' id='word_1_57' title='bbox 1272 1005 1339 1105; x_wconf 66' lang='lat'><strong>¹¹³?</strong></span> <span class='ocrx_word' id='word_1_58' title='bbox 1373 1041 1375 1044; x_wconf 96' lang='lat'>·</span> 
     </span>
     <span class='ocr_line' id='line_1_9' title="bbox 136 1091 1340 1278; baseline -0.005 -30"><span class='ocrx_word' id='word_1_59' title='bbox 136 1225 138 1234; x_wconf 75' lang='grc'><em>,</em></span> <span class='ocrx_word' id='word_1_60' title='bbox 212 1093 918 1277; x_wconf 60' lang='lat' dir='ltr'><strong>sacr-..Es”artetuarbrs</strong></span> <span class='ocrx_word' id='word_1_61' title='bbox 933 1091 1340 1278; x_wconf 57' lang='lat' dir='ltr'><strong>incrassare.</strong></span> 
     </span>
     <span class='ocr_line' id='line_1_10' title="bbox 215 1260 1341 1354; baseline -0.007 -20"><span class='ocrx_word' id='word_1_62' title='bbox 215 1263 457 1334; x_wconf 82' lang='lat' dir='ltr'><strong>Demosthems</strong></span> <span class='ocrx_word' id='word_1_63' title='bbox 477 1275 625 1344; x_wconf 80' lang='lat' dir='ltr'><strong>vocant,</strong></span> <span class='ocrx_word' id='word_1_64' title='bbox 649 1262 752 1351; x_wconf 90' lang='lat' dir='ltr'><strong>quod,</strong></span> <span class='ocrx_word' id='word_1_65' title='bbox 773 1276 811 1354; x_wconf 83' lang='lat' dir='ltr'><strong>pt</strong></span> <span class='ocrx_word' id='word_1_66' title='bbox 830 1262 888 1328; x_wconf 86' lang='lat' dir='ltr'><strong>hic</strong></span> <span class='ocrx_word' id='word_1_67' title='bbox 908 1261 945 1328; x_wconf 91' lang='lat' dir='ltr'><strong>in</strong></span> <span class='ocrx_word' id='word_1_68' title='bbox 970 1263 1082 1349; x_wconf 75' lang='lat' dir='ltr'><strong>Pinnp</strong></span> <span class='ocrx_word' id='word_1_69' title='bbox 1108 1285 1175 1343; x_wconf 89' lang='lat' dir='ltr'><strong>um,</strong></span> <span class='ocrx_word' id='word_1_70' title='bbox 1195 1260 1245 1328; x_wconf 88' lang='lat' dir='ltr'><strong>lta</strong></span> <span class='ocrx_word' id='word_1_71' title='bbox 1266 1283 1341 1348; x_wconf 85' lang='lat' dir='ltr'><strong>1pse</strong></span> 
     </span>
     <span class='ocr_line' id='line_1_11' title="bbox 164 1337 1341 1437; baseline -0.005 -20"><span class='ocrx_word' id='word_1_72' title='bbox 164 1429 166 1436; x_wconf 21' lang='grc' dir='ltr'>Ι</span> <span class='ocrx_word' id='word_1_73' title='bbox 215 1349 251 1418; x_wconf 93' lang='lat' dir='ltr'><strong>in</strong></span> <span class='ocrx_word' id='word_1_74' title='bbox 267 1349 458 1416; x_wconf 89' lang='lat' dir='ltr'><strong>Antonium</strong></span> <span class='ocrx_word' id='word_1_75' title='bbox 474 1347 705 1414; x_wconf 85' lang='lat' dir='ltr'><strong>inveberetur.</strong></span> <span class='ocrx_word' id='word_1_76' title='bbox 749 1348 817 1415; x_wconf 88' lang='lat' dir='ltr'><strong>Sed</strong></span> <span class='ocrx_word' id='word_1_77' title='bbox 832 1347 967 1414; x_wconf 86' lang='lat' dir='ltr'><strong>meliori</strong></span> <span class='ocrx_word' id='word_1_78' title='bbox 983 1337 1059 1414; x_wconf 89' lang='lat' dir='ltr'><strong>iure</strong></span> <span class='ocrx_word' id='word_1_79' title='bbox 1114 1369 1228 1437; x_wconf 85' lang='lat' dir='ltr'><strong>rogus,</strong></span> <span class='ocrx_word' id='word_1_80' title='bbox 1247 1346 1341 1412; x_wconf 88' lang='lat' dir='ltr'><strong>cuius</strong></span> 
     </span>
     <span class='ocr_line' id='line_1_12' title="bbox 216 1429 1341 1533; baseline -0.004 -31"><span class='ocrx_word' id='word_1_81' title='bbox 216 1436 297 1502; x_wconf 85' lang='lat' dir='ltr'><strong>libri</strong></span> <span class='ocrx_word' id='word_1_82' title='bbox 327 1455 436 1524; x_wconf 80' lang='lat' dir='ltr'>prope</span> <span class='ocrx_word' id='word_1_83' title='bbox 464 1454 580 1502; x_wconf 87' lang='lat' dir='ltr'><strong>omues</strong></span> <span class='ocrx_word' id='word_1_84' title='bbox 603 1431 646 1498; x_wconf 85' lang='lat' dir='ltr'><strong>de</strong></span> <span class='ocrx_word' id='word_1_85' title='bbox 667 1433 813 1522; x_wconf 85' lang='lat' dir='ltr'><strong>imperio</strong></span> <span class='ocrx_word' id='word_1_86' title='bbox 835 1433 1038 1533; x_wconf 83' lang='lat' dir='ltr'><strong>Philippico,</strong></span> <span class='ocrx_word' id='word_1_87' title='bbox 1061 1433 1125 1500; x_wconf 86' lang='lat' dir='ltr'><strong>hoo</strong></span> <span class='ocrx_word' id='word_1_88' title='bbox 1146 1439 1198 1502; x_wconf 82' lang='lat' dir='ltr'><strong>es&#39;t</strong></span> <span class='ocrx_word' id='word_1_89' title='bbox 1221 1429 1341 1498; x_wconf 85' lang='lat' dir='ltr'><strong>Mace·</strong></span> 
     </span>
     <span class='ocr_line' id='line_1_13' title="bbox 215 1518 1340 1610; baseline -0.005 -24"><span class='ocrx_word' id='word_1_90' title='bbox 215 1521 358 1600; x_wconf 87' lang='lat' dir='ltr'><strong>donico,</strong></span> <span class='ocrx_word' id='word_1_91' title='bbox 394 1519 548 1606; x_wconf 81' lang='lat' dir='ltr'><strong>agebant.</strong></span> <span class='ocrx_word' id='word_1_92' title='bbox 589 1518 675 1584; x_wconf 88' lang='lat' dir='ltr'><strong>Nam</strong></span> <span class='ocrx_word' id='word_1_93' title='bbox 706 1544 724 1584; x_wconf 90' lang='lat' dir='ltr'><strong>a</strong></span> <span class='ocrx_word' id='word_1_94' title='bbox 753 1519 844 1586; x_wconf 90' lang='lat' dir='ltr'><strong>libro</strong></span> <span class='ocrx_word' id='word_1_95' title='bbox 873 1531 1018 1608; x_wconf 78' lang='lat' dir='ltr'><strong>septimo</strong></span> <span class='ocrx_word' id='word_1_96' title='bbox 1053 1541 1161 1610; x_wconf 84' lang='lat' dir='ltr'><strong>usque</strong></span> <span class='ocrx_word' id='word_1_97' title='bbox 1185 1518 1237 1584; x_wconf 64' lang='lat' dir='ltr'><strong>‘ad</strong></span> <span class='ocrx_word' id='word_1_98' title='bbox 1260 1519 1340 1581; x_wconf 89' lang='lat' dir='ltr'><strong>XLl.</strong></span> 
     </span>
     <span class='ocr_line' id='line_1_14' title="bbox 214 1602 1342 1694; baseline -0.004 -21"><span class='ocrx_word' id='word_1_99' title='bbox 214 1619 337 1673; x_wconf 85' lang='lat' dir='ltr'><strong>tractat</strong></span> <span class='ocrx_word' id='word_1_100' title='bbox 360 1604 402 1669; x_wconf 89' lang='lat' dir='ltr'><strong>de</strong></span> <span class='ocrx_word' id='word_1_101' title='bbox 424 1621 533 1692; x_wconf 81' lang='lat' dir='ltr'><strong>regno</strong></span> <span class='ocrx_word' id='word_1_102' title='bbox 562 1603 799 1687; x_wconf 84' lang='lat' dir='ltr'><strong>Macedonico,</strong></span> <span class='ocrx_word' id='word_1_103' title='bbox 835 1605 930 1686; x_wconf 88' lang='lat' dir='ltr'><strong>cuius</strong></span> <span class='ocrx_word' id='word_1_104' title='bbox 960 1604 1127 1692; x_wconf 85' lang='lat' dir='ltr'><strong>dignitas·</strong></span> <span class='ocrx_word' id='word_1_105' title='bbox 1162 1602 1342 1694; x_wconf 88' lang='lat' dir='ltr'><strong>rincipium</strong></span> 
     </span>
     <span class='ocr_line' id='line_1_15' title="bbox 216 1628 1342 1781; baseline -0.004 -23"><span class='ocrx_word' id='word_1_106' title='bbox 216 1715 314 1758; x_wconf 91' lang='lat' dir='ltr'><strong>suum</strong></span> <span class='ocrx_word' id='word_1_107' title='bbox 348 1690 451 1756; x_wconf 79' lang='lat' dir='ltr'><strong>debet</strong></span> <span class='ocrx_word' id='word_1_108' title='bbox 472 1689 636 1778; x_wconf 15' lang='lat' dir='ltr'><strong>&#39;Philippo</strong></span> <span class='ocrx_word' id='word_1_109' title='bbox 662 1687 807 1780; x_wconf 79' lang='lat' dir='ltr'><strong>Magno,</strong></span> <span class='ocrx_word' id='word_1_110' title='bbox 834 1687 926 1781; x_wconf 84' lang='lat' dir='ltr'><strong>patri</strong></span> <span class='ocrx_word' id='word_1_111' title='bbox 953 1628 1160 1756; x_wconf 69' lang='lat' dir='ltr'><strong>Alexandrll</strong></span> <span class='ocrx_word' id='word_1_112' title='bbox 1204 1689 1342 1780; x_wconf 88' lang='lat' dir='ltr'><strong>Septem</strong></span> 
     </span>
     <span class='ocr_line' id='line_1_16' title="bbox 117 1772 1342 1866; baseline -0.005 -20"><span class='ocrx_word' id='word_1_113' title='bbox 117 1817 129 1830; x_wconf 79' lang='lat'><strong>.</strong></span> <span class='ocrx_word' id='word_1_114' title='bbox 156 1833 158 1841; x_wconf 63' lang='lat'><strong>.</strong></span> <span class='ocrx_word' id='word_1_115' title='bbox 215 1798 301 1846; x_wconf 84' lang='lat' dir='ltr'><strong>vero</strong></span> <span class='ocrx_word' id='word_1_116' title='bbox 321 1772 429 1842; x_wconf 89' lang='lat' dir='ltr'><strong>libros</strong></span> <span class='ocrx_word' id='word_1_117' title='bbox 449 1775 579 1866; x_wconf 88' lang='lat' dir='ltr'><strong>primos</strong></span> <span class='ocrx_word' id='word_1_118' title='bbox 601 1775 809 1862; x_wconf 79' lang='lat' dir='ltr'><strong>Bongarsius</strong></span> <span class='ocrx_word' id='word_1_119' title='bbox 828 1775 987 1843; x_wconf 84' lang='lat' dir='ltr'><strong>censebat</strong></span> <span class='ocrx_word' id='word_1_120' title='bbox 1009 1799 1082 1842; x_wconf 84' lang='lat' dir='ltr'><strong>esse</strong></span> <span class='ocrx_word' id='word_1_121' title='bbox 1115 1775 1241 1840; x_wconf 84' lang='lat' dir='ltr'><strong>mundi</strong></span> <span class='ocrx_word' id='word_1_122' title='bbox 1266 1779 1342 1840; x_wconf 84' lang='lat' dir='ltr'><strong>ori-</strong></span> 
     </span>
     <span class='ocr_line' id='line_1_17' title="bbox 215 1861 1339 1952; baseline -0.003 -25"><span class='ocrx_word' id='word_1_123' title='bbox 215 1867 336 1952; x_wconf 83' lang='lat' dir='ltr'><strong>gines,</strong></span> <span class='ocrx_word' id='word_1_124' title='bbox 378 1885 460 1950; x_wconf 87' lang='lat' dir='ltr'><strong>quas</strong></span> <span class='ocrx_word' id='word_1_125' title='bbox 483 1876 639 1928; x_wconf 82' lang='lat' dir='ltr'><strong>veterum</strong></span> <span class='ocrx_word' id='word_1_126' title='bbox 667 1863 835 1928; x_wconf 88' lang='lat' dir='ltr'><strong>librorum</strong></span> <span class='ocrx_word' id='word_1_127' title='bbox 863 1861 1043 1950; x_wconf 80' lang='lat' dir='ltr'><strong>inscriptio</strong></span> <span class='ocrx_word' id='word_1_128' title='bbox 1065 1861 1271 1950; x_wconf 62' lang='lat' dir='ltr'><strong>pollicetur}</strong></span> <span class='ocrx_word' id='word_1_129' title='bbox 1308 1873 1339 1926; x_wconf 85' lang='lat' dir='ltr'><strong>at</strong></span> 
     </span>
    </p>
   </div>
   <div class='ocr_carea' id='block_1_6' title="bbox 90 1943 1341 2038">
    <p class='ocr_par' dir='ltr' id='par_1_6' title="bbox 90 1943 1341 2038">
     <span class='ocr_line' id='line_1_18' title="bbox 90 1943 1341 2038; baseline 0 -26"><span class='ocrx_word' id='word_1_130' title='bbox 90 2019 94 2027; x_wconf 53' lang='grc'><strong>,</strong></span> <span class='ocrx_word' id='word_1_131' title='bbox 218 1967 341 2012; x_wconf 79' lang='lat' dir='ltr'><strong>terrae</strong></span> <span class='ocrx_word' id='word_1_132' title='bbox 361 1951 460 2016; x_wconf 61' lang='lat' dir='ltr'><strong>sicma</strong></span> <span class='ocrx_word' id='word_1_133' title='bbox 484 1969 570 2035; x_wconf 89' lang='lat' dir='ltr'><strong>quos</strong></span> <span class='ocrx_word' id='word_1_134' title='bbox 589 1946 694 2016; x_wconf 88' lang='lat' dir='ltr'><strong>iidem</strong></span> <span class='ocrx_word' id='word_1_135' title='bbox 711 1943 931 2038; x_wconf 73' lang='lat' dir='ltr'><strong>promittuut,</strong></span> <span class='ocrx_word' id='word_1_136' title='bbox 962 1947 1038 2014; x_wconf 86' lang='lat' dir='ltr'><strong>iure</strong></span> <span class='ocrx_word' id='word_1_137' title='bbox 1060 1945 1245 2012; x_wconf 77' lang='lat' dir='ltr'><strong>arbitratur</strong></span> <span class='ocrx_word' id='word_1_138' title='bbox 1268 1969 1341 2012; x_wconf 88' lang='lat' dir='ltr'><strong>esse</strong></span> 
     </span>
    </p>
   </div>
   <div class='ocr_carea' id='block_1_7' title="bbox 139 2028 1394 3586">
    <p class='ocr_par' dir='ltr' id='par_1_7' title="bbox 142 2028 1394 3039">
     <span class='ocr_line' id='line_1_19' title="bbox 216 2028 1341 2122; baseline -0.001 -24"><span class='ocrx_word' id='word_1_139' title='bbox 216 2031 463 2120; x_wconf 81' lang='lat' dir='ltr'><strong>descriptiones</strong></span> <span class='ocrx_word' id='word_1_140' title='bbox 493 2033 688 2122; x_wconf 84' lang='lat' dir='ltr'><strong>regionum,</strong></span> <span class='ocrx_word' id='word_1_141' title='bbox 718 2053 804 2122; x_wconf 81' lang='lat' dir='ltr'><strong>quae</strong></span> <span class='ocrx_word' id='word_1_142' title='bbox 827 2057 847 2100; x_wconf 93' lang='lat' dir='ltr'><strong>a</strong></span> <span class='ocrx_word' id='word_1_143' title='bbox 869 2031 999 2100; x_wconf 88' lang='lat' dir='ltr'><strong>Iustino</strong></span> <span class='ocrx_word' id='word_1_144' title='bbox 1022 2028 1159 2122; x_wconf 87' lang='lat' dir='ltr'><strong>quidem</strong></span> <span class='ocrx_word' id='word_1_145' title='bbox 1183 2033 1341 2116; x_wconf 81' lang='lat' dir='ltr'><strong>omissae,</strong></span> 
     </span>
     <span class='ocr_line' id='line_1_20' title="bbox 147 2117 1340 2208; baseline 0.001 -24"><span class='ocrx_word' id='word_1_146' title='bbox 147 2131 150 2140; x_wconf 65' lang='lat'><em>⁴</em></span> <span class='ocrx_word' id='word_1_147' title='bbox 216 2141 235 2184; x_wconf 85' lang='lat' dir='ltr'><strong>a</strong></span> <span class='ocrx_word' id='word_1_148' title='bbox 258 2117 378 2204; x_wconf 88' lang='lat' dir='ltr'><strong>Trogo</strong></span> <span class='ocrx_word' id='word_1_149' title='bbox 399 2141 484 2184; x_wconf 85' lang='lat' dir='ltr'><strong>vero</strong></span> <span class='ocrx_word' id='word_1_150' title='bbox 506 2133 576 2184; x_wconf 90' lang='lat' dir='ltr'><strong>non</strong></span> <span class='ocrx_word' id='word_1_151' title='bbox 597 2119 698 2185; x_wconf 84' lang='lat' dir='ltr'><strong>item:</strong></span> <span class='ocrx_word' id='word_1_152' title='bbox 729 2119 822 2208; x_wconf 89' lang='lat' dir='ltr'><strong>quod</strong></span> <span class='ocrx_word' id='word_1_153' title='bbox 844 2119 1028 2186; x_wconf 88' lang='lat' dir='ltr'><strong>ostendunt</strong></span> <span class='ocrx_word' id='word_1_154' title='bbox 1050 2117 1187 2208; x_wconf 84' lang='lat' dir='ltr'><strong>prologi</strong></span> <span class='ocrx_word' id='word_1_155' title='bbox 1209 2120 1253 2184; x_wconf 92' lang='lat' dir='ltr'><strong>ab</strong></span> <span class='ocrx_word' id='word_1_156' title='bbox 1278 2140 1340 2185; x_wconf 86' lang='lat' dir='ltr'><strong>eo-</strong></span> 
     </span>
     <span class='ocr_line' id='line_1_21' title="bbox 215 2203 1342 2303; baseline 0.001 -34"><span class='ocrx_word' id='word_1_157' title='bbox 215 2203 293 2270; x_wconf 82' lang='lat' dir='ltr'><strong>dem</strong></span> <span class='ocrx_word' id='word_1_158' title='bbox 307 2203 498 2303; x_wconf 75' lang='lat' dir='ltr'><strong>Bongarsio</strong></span> <span class='ocrx_word' id='word_1_159' title='bbox 521 2203 605 2270; x_wconf 83' lang='lat' dir='ltr'><strong>aditi</strong></span> <span class='ocrx_word' id='word_1_160' title='bbox 634 2219 681 2270; x_wconf 75' lang='lat' dir='ltr'><strong>ex</strong></span> <span class='ocrx_word' id='word_1_161' title='bbox 702 2206 801 2270; x_wconf 84' lang='lat' dir='ltr'><strong>codd.</strong></span> <span class='ocrx_word' id='word_1_162' title='bbox 826 2205 963 2282; x_wconf 75' lang='lat' dir='ltr'><strong>Msstis.</strong></span> <span class='ocrx_word' id='word_1_163' title='bbox 997 2203 1153 2295; x_wconf 87' lang='lat' dir='ltr'><strong>Trogum</strong></span> <span class='ocrx_word' id='word_1_164' title='bbox 1174 2205 1265 2271; x_wconf 85' lang='lat' dir='ltr'><strong>huno</strong></span> <span class='ocrx_word' id='word_1_165' title='bbox 1285 2204 1342 2270; x_wconf 90' lang='lat' dir='ltr'><strong>di-</strong></span> 
     </span>
     <span class='ocr_line' id='line_1_22' title="bbox 215 2285 1341 2376; baseline 0 -20"><span class='ocrx_word' id='word_1_166' title='bbox 215 2288 411 2356; x_wconf 77' lang='lat' dir='ltr'><strong>sertissimis</strong></span> <span class='ocrx_word' id='word_1_167' title='bbox 433 2289 519 2356; x_wconf 81' lang='lat' dir='ltr'><strong>viris</strong></span> <span class='ocrx_word' id='word_1_168' title='bbox 540 2290 577 2354; x_wconf 89' lang='lat' dir='ltr'><strong>in</strong></span> <span class='ocrx_word' id='word_1_169' title='bbox 600 2285 714 2356; x_wconf 90' lang='lat' dir='ltr'><strong>Probo</strong></span> <span class='ocrx_word' id='word_1_170' title='bbox 737 2303 936 2356; x_wconf 78' lang='lat' dir='ltr'><strong>annumerat</strong></span> <span class='ocrx_word' id='word_1_171' title='bbox 957 2289 1148 2376; x_wconf 81' lang='lat' dir='ltr'><strong>Vopiscusr</strong></span> <span class='ocrx_word' id='word_1_172' title='bbox 1180 2303 1219 2356; x_wconf 89' lang='lat' dir='ltr'><strong>ut</strong></span> <span class='ocrx_word' id='word_1_173' title='bbox 1239 2313 1341 2357; x_wconf 87' lang='lat' dir='ltr'><strong>caus-</strong></span> 
     </span>
     <span class='ocr_line' id='line_1_23' title="bbox 215 2373 1394 2456; baseline 0 -15"><span class='ocrx_word' id='word_1_174' title='bbox 215 2397 273 2442; x_wconf 85' lang='lat' dir='ltr'><strong>sae</strong></span> <span class='ocrx_word' id='word_1_175' title='bbox 294 2373 379 2440; x_wconf 88' lang='lat' dir='ltr'><strong>nihil</strong></span> <span class='ocrx_word' id='word_1_176' title='bbox 401 2373 464 2456; x_wconf 86' lang='lat' dir='ltr'><strong>sit,</strong></span> <span class='ocrx_word' id='word_1_177' title='bbox 486 2389 548 2440; x_wconf 88' lang='lat' dir='ltr'><strong>eur</strong></span> <span class='ocrx_word' id='word_1_178' title='bbox 565 2374 668 2440; x_wconf 85' lang='lat' dir='ltr'><strong>fidem</strong></span> <span class='ocrx_word' id='word_1_179' title='bbox 688 2375 798 2441; x_wconf 88' lang='lat' dir='ltr'><strong>minus</strong></span> <span class='ocrx_word' id='word_1_180' title='bbox 820 2377 1002 2442; x_wconf 84' lang='lat' dir='ltr'><strong>habeamus</strong></span> <span class='ocrx_word' id='word_1_181' title='bbox 1024 2375 1178 2456; x_wconf 79' lang='lat' dir='ltr'><strong>Iustino,</strong></span> <span class='ocrx_word' id='word_1_182' title='bbox 1206 2394 1284 2443; x_wconf 86' lang='lat' dir='ltr'><strong>cum</strong></span> <span class='ocrx_word' id='word_1_183' title='bbox 1306 2377 1341 2442; x_wconf 91' lang='lat' dir='ltr'><strong>in</strong></span> <span class='ocrx_word' id='word_1_184' title='bbox 1393 2389 1394 2396; x_wconf 75' lang='grc'>’</span> 
     </span>
     <span class='ocr_line' id='line_1_24' title="bbox 213 2455 1341 2564; baseline 0.001 -40"><span class='ocrx_word' id='word_1_185' title='bbox 213 2459 428 2550; x_wconf 83' lang='lat' dir='ltr'><strong>praelatione</strong></span> <span class='ocrx_word' id='word_1_186' title='bbox 449 2455 509 2524; x_wconf 81' lang='lat' dir='ltr'><strong>&#39;sua</strong></span> <span class='ocrx_word' id='word_1_187' title='bbox 532 2483 609 2524; x_wconf 83' lang='lat' dir='ltr'><strong>eum</strong></span> <span class='ocrx_word' id='word_1_188' title='bbox 629 2461 748 2524; x_wconf 79' lang='lat' dir='ltr'><strong>virum</strong></span> <span class='ocrx_word' id='word_1_189' title='bbox 767 2464 911 2548; x_wconf 80' lang='lat' dir='ltr'><strong>priscae</strong></span> <span class='ocrx_word' id='word_1_190' title='bbox 933 2463 1169 2549; x_wconf 68' lang='lat' dir='ltr'><strong>eloquenciae</strong></span> <span class='ocrx_word' id='word_1_191' title='bbox 1182 2463 1341 2564; x_wconf 86' lang='lat' dir='ltr'><strong>appellat.</strong></span> 
     </span>
     <span class='ocr_line' id='line_1_25' title="bbox 215 2545 1340 2635; baseline 0.004 -24"><span class='ocrx_word' id='word_1_192' title='bbox 215 2546 484 2611; x_wconf 72' lang='lat' dir='ltr'><strong>devotissimum</strong></span> <span class='ocrx_word' id='word_1_193' title='bbox 508 2559 695 2608; x_wconf 79' lang='lat' dir='ltr'><strong>auctorem</strong></span> <span class='ocrx_word' id='word_1_194' title='bbox 713 2558 817 2612; x_wconf 77' lang='lat' dir='ltr'><strong>vocat</strong></span> <span class='ocrx_word' id='word_1_195' title='bbox 838 2545 984 2612; x_wconf 83' lang='lat' dir='ltr'><strong>eundem</strong></span> <span class='ocrx_word' id='word_1_196' title='bbox 1005 2545 1157 2626; x_wconf 87' lang='lat' dir='ltr'><strong>Plinius,</strong></span> <span class='ocrx_word' id='word_1_197' title='bbox 1179 2571 1239 2635; x_wconf 86' lang='lat' dir='ltr'><strong>qus</strong></span> <span class='ocrx_word' id='word_1_198' title='bbox 1262 2571 1340 2615; x_wconf 84' lang='lat' dir='ltr'><strong>ore·</strong></span> 
     </span>
     <span class='ocr_line' id='line_1_26' title="bbox 142 2628 1341 2720; baseline 0.003 -23"><span class='ocrx_word' id='word_1_199' title='bbox 142 2665 155 2702; x_wconf 58' lang='lat'><em>2</em></span> <span class='ocrx_word' id='word_1_200' title='bbox 215 2631 281 2698; x_wconf 92' lang='lat' dir='ltr'><strong>hro</strong></span> <span class='ocrx_word' id='word_1_201' title='bbox 302 2629 377 2696; x_wconf 89' lang='lat' dir='ltr'><strong>eius</strong></span> <span class='ocrx_word' id='word_1_202' title='bbox 397 2629 551 2695; x_wconf 75' lang='lat' dir='ltr'><strong>&#39;meminit</strong></span> <span class='ocrx_word' id='word_1_203' title='bbox 569 2629 606 2694; x_wconf 87' lang='lat' dir='ltr'><strong>in</strong></span> <span class='ocrx_word' id='word_1_204' title='bbox 627 2628 717 2695; x_wconf 88' lang='lat' dir='ltr'><strong>Hist.</strong></span> <span class='ocrx_word' id='word_1_205' title='bbox 739 2631 815 2696; x_wconf 83' lang='lat' dir='ltr'><strong>Nat.</strong></span> <span class='ocrx_word' id='word_1_206' title='bbox 836 2629 1004 2720; x_wconf 86' lang='lat' dir='ltr'><strong>imprimis</strong></span> <span class='ocrx_word' id='word_1_207' title='bbox 1026 2631 1062 2696; x_wconf 87' lang='lat' dir='ltr'><strong>in</strong></span> <span class='ocrx_word' id='word_1_208' title='bbox 1084 2631 1198 2698; x_wconf 87' lang='lat' dir='ltr'><strong>indice</strong></span> <span class='ocrx_word' id='word_1_209' title='bbox 1219 2647 1341 2700; x_wconf 84' lang='lat' dir='ltr'><strong>aucto-</strong></span> 
     </span>
     <span class='ocr_line' id='line_1_27' title="bbox 214 2713 1339 2806; baseline 0 -22"><span class='ocrx_word' id='word_1_210' title='bbox 214 2739 352 2797; x_wconf 89' lang='lat' dir='ltr'><strong>rum,e</strong></span> <span class='ocrx_word' id='word_1_211' title='bbox 407 2713 514 2782; x_wconf 53' lang='lat' dir='ltr'><strong>uibus*</strong></span> <span class='ocrx_word' id='word_1_212' title='bbox 553 2713 691 2784; x_wconf 84' lang='lat' dir='ltr'><strong>refecit:</strong></span> <span class='ocrx_word' id='word_1_213' title='bbox 726 2733 765 2782; x_wconf 86' lang='lat' dir='ltr'><strong>ut</strong></span> <span class='ocrx_word' id='word_1_214' title='bbox 785 2715 938 2782; x_wconf 84' lang='lat' dir='ltr'><strong>omittam</strong></span> <span class='ocrx_word' id='word_1_215' title='bbox 961 2715 1162 2800; x_wconf 87' lang='lat' dir='ltr'><strong>Charisium,</strong></span> <span class='ocrx_word' id='word_1_216' title='bbox 1185 2720 1244 2806; x_wconf 91' lang='lat' dir='ltr'><strong>qui</strong></span> <span class='ocrx_word' id='word_1_217' title='bbox 1267 2720 1339 2800; x_wconf 81' lang='lat' dir='ltr'><strong>eius</strong></span> 
     </span>
     <span class='ocr_line' id='line_1_28' title="bbox 191 2739 1342 2890; baseline 0.003 -24"><span class='ocrx_word' id='word_1_218' title='bbox 191 2846 194 2855; x_wconf 75' lang='lat'>·</span> <span class='ocrx_word' id='word_1_219' title='bbox 214 2801 260 2867; x_wconf 80' lang='lat' dir='ltr'><strong>ds</strong></span> <span class='ocrx_word' id='word_1_220' title='bbox 282 2739 485 2868; x_wconf 73' lang='lat' dir='ltr'><strong>animilibus</strong></span> <span class='ocrx_word' id='word_1_221' title='bbox 504 2800 530 2864; x_wconf 92' lang='lat' dir='ltr'><strong>li</strong></span> <span class='ocrx_word' id='word_1_222' title='bbox 574 2821 612 2866; x_wconf 92' lang='lat' dir='ltr'><strong>os</strong></span> <span class='ocrx_word' id='word_1_223' title='bbox 632 2800 727 2878; x_wconf 80' lang='lat' dir='ltr'><strong>citat,</strong></span> <span class='ocrx_word' id='word_1_224' title='bbox 747 2802 839 2868; x_wconf 85' lang='lat' dir='ltr'><strong>unde</strong></span> <span class='ocrx_word' id='word_1_225' title='bbox 860 2803 955 2890; x_wconf 85' lang='lat' dir='ltr'><strong>plera</strong></span> <span class='ocrx_word' id='word_1_226' title='bbox 981 2825 1024 2868; x_wconf 83' lang='lat' dir='ltr'><strong>ue</strong></span> <span class='ocrx_word' id='word_1_227' title='bbox 1039 2802 1166 2870; x_wconf 87' lang='lat' dir='ltr'><strong>Plinius</strong></span> <span class='ocrx_word' id='word_1_228' title='bbox 1181 2805 1342 2871; x_wconf 78' lang='lat' dir='ltr'><strong>hausisse</strong></span> 
     </span>
     <span class='ocr_line' id='line_1_29' title="bbox 144 2826 1392 3039; baseline 0.003 -83"><span class='ocrx_word' id='word_1_229' title='bbox 144 2949 147 2956; x_wconf 79' lang='grc'>,</span> <span class='ocrx_word' id='word_1_230' title='bbox 214 2885 372 3039; x_wconf 51' lang='grc' dir='ltr'><strong>ἧιίἀὸὲιιι</strong></span> <span class='ocrx_word' id='word_1_231' title='bbox 397 2897 436 2954; x_wconf 90' lang='lat' dir='ltr'><strong>ut</strong></span> <span class='ocrx_word' id='word_1_232' title='bbox 456 2887 540 2955; x_wconf 85' lang='lat' dir='ltr'><strong>item</strong></span> <span class='ocrx_word' id='word_1_233' title='bbox 559 2899 773 2978; x_wconf 77' lang='lat' dir='ltr'><strong>praeteream</strong></span> <span class='ocrx_word' id='word_1_234' title='bbox 794 2826 1004 2954; x_wconf 70' lang='lat' dir='ltr'><strong>Serviuml‘.</strong></span> <span class='ocrx_word' id='word_1_235' title='bbox 1019 2887 1175 2956; x_wconf 84' lang='lat' dir='ltr'><strong>Danielis</strong></span> <span class='ocrx_word' id='word_1_236' title='bbox 1195 2889 1234 2956; x_wconf 88' lang='lat' dir='ltr'><strong>in</strong></span> <span class='ocrx_word' id='word_1_237' title='bbox 1255 2890 1341 2960; x_wconf 90' lang='lat' dir='ltr'><strong>illud</strong></span> <span class='ocrx_word' id='word_1_238' title='bbox 1391 2903 1392 2978; x_wconf 78' lang='lat' dir='ltr'>j</span> 
     </span>
     <span class='ocr_line' id='line_1_30' title="bbox 254 2995 1392 3038; baseline 0.003 0"><span class='ocrx_word' id='word_1_239' title='bbox 254 3019 262 3038; x_wconf 92' lang='lat'><strong>.</strong></span> <span class='ocrx_word' id='word_1_240' title='bbox 326 2995 381 3038; x_wconf 84' lang='lat' dir='ltr'><strong>cn.</strong></span> <span class='ocrx_word' id='word_1_241' title='bbox 1391 3001 1392 3024; x_wconf 59' lang='grc' dir='ltr'><strong>ι</strong></span> 
     </span>
    </p>

    <p class='ocr_par' dir='ltr' id='par_1_8' title="bbox 139 3043 1391 3586">
     <span class='ocr_line' id='line_1_31' title="bbox 168 3043 1203 3148; baseline 0 -21"><span class='ocrx_word' id='word_1_242' title='bbox 168 3125 177 3138; x_wconf 66' lang='grc'>,</span> <span class='ocrx_word' id='word_1_243' title='bbox 360 3057 544 3127; x_wconf 79' lang='lat' dir='ltr'><strong>Rhoeteus</strong></span> <span class='ocrx_word' id='word_1_244' title='bbox 571 3043 726 3148; x_wconf 76' lang='lat' dir='ltr'><strong>primum</strong></span> <span class='ocrx_word' id='word_1_245' title='bbox 749 3075 801 3124; x_wconf 81' lang='lat' dir='ltr'><strong>est</strong></span> <span class='ocrx_word' id='word_1_246' title='bbox 827 3055 1002 3124; x_wconf 73' lang='lat' dir='ltr'><strong>advertus</strong></span> <span class='ocrx_word' id='word_1_247' title='bbox 1023 3061 1062 3123; x_wconf 84' lang='lat' dir='ltr'><strong>in</strong></span> <span class='ocrx_word' id='word_1_248' title='bbox 1086 3057 1203 3127; x_wconf 67' lang='lat' dir='ltr'><strong>oras:⁴</strong></span> 
     </span>
     <span class='ocr_line' id='line_1_32' title="bbox 216 3137 1339 3250; baseline 0.005 -42"><span class='ocrx_word' id='word_1_249' title='bbox 216 3139 259 3209; x_wconf 88' lang='lat' dir='ltr'><strong>ad</strong></span> <span class='ocrx_word' id='word_1_250' title='bbox 286 3141 370 3208; x_wconf 79' lang='lat' dir='ltr'><strong>haec</strong></span> <span class='ocrx_word' id='word_1_251' title='bbox 399 3141 650 3237; x_wconf 86' lang='lat' dir='ltr'><strong>Hieronymum</strong></span> <span class='ocrx_word' id='word_1_252' title='bbox 677 3144 821 3234; x_wconf 80' lang='lat' dir='ltr'><strong>praelat.</strong></span> <span class='ocrx_word' id='word_1_253' title='bbox 855 3143 891 3210; x_wconf 88' lang='lat' dir='ltr'><strong>in</strong></span> <span class='ocrx_word' id='word_1_254' title='bbox 913 3143 1108 3228; x_wconf 77' lang='lat' dir='ltr'><strong>Danielem,</strong></span> <span class='ocrx_word' id='word_1_255' title='bbox 1135 3161 1170 3212; x_wconf 84' lang='lat' dir='ltr'><strong>st</strong></span> <span class='ocrx_word' id='word_1_256' title='bbox 1197 3137 1234 3213; x_wconf 93' lang='lat' dir='ltr'><strong>in</strong></span> <span class='ocrx_word' id='word_1_257' title='bbox 1265 3143 1339 3250; x_wconf 85' lang='lat' dir='ltr'><strong>c&#39;ap.</strong></span> 
     </span>
     <span class='ocr_line' id='line_1_33' title="bbox 214 3227 1391 3320; baseline 0.004 -24"><span class='ocrx_word' id='word_1_258' title='bbox 214 3237 245 3296; x_wconf 76' lang='lat'><strong>5.</strong></span> <span class='ocrx_word' id='word_1_259' title='bbox 276 3227 369 3294; x_wconf 81' lang='lat' dir='ltr'><strong>sius</strong></span> <span class='ocrx_word' id='word_1_260' title='bbox 390 3229 594 3318; x_wconf 81' lang='lat' dir='ltr'><strong>prophetas,</strong></span> <span class='ocrx_word' id='word_1_261' title='bbox 633 3229 716 3296; x_wconf 90' lang='lat' dir='ltr'><strong>item</strong></span> <span class='ocrx_word' id='word_1_262' title='bbox 747 3230 997 3320; x_wconf 85' lang='lat' dir='ltr'><strong>Augustinum‚</strong></span> <span class='ocrx_word' id='word_1_263' title='bbox 1036 3229 1216 3315; x_wconf 80' lang='lat' dir='ltr'><strong>Gnosium,</strong></span> <span class='ocrx_word' id='word_1_264' title='bbox 1258 3230 1339 3301; x_wconf 79' lang='lat' dir='ltr'><strong>Prs—</strong></span> <span class='ocrx_word' id='word_1_265' title='bbox 1390 3309 1391 3320; x_wconf 21' lang='lat' dir='ltr'><strong>p</strong></span> 
     </span>
     <span class='ocr_line' id='line_1_34' title="bbox 214 3312 1391 3407; baseline 0.003 -25"><span class='ocrx_word' id='word_1_266' title='bbox 214 3312 622 3397; x_wconf 82' lang='lat' dir='ltr'><strong>auianum‚loruande1n,</strong></span> <span class='ocrx_word' id='word_1_267' title='bbox 648 3329 682 3382; x_wconf 84' lang='lat' dir='ltr'><strong>et</strong></span> <span class='ocrx_word' id='word_1_268' title='bbox 703 3313 798 3382; x_wconf 84' lang='lat' dir='ltr'><strong>alios.</strong></span> <span class='ocrx_word' id='word_1_269' title='bbox 839 3316 953 3383; x_wconf 90' lang='lat' dir='ltr'><strong>Aldus</strong></span> <span class='ocrx_word' id='word_1_270' title='bbox 973 3316 1101 3384; x_wconf 72' lang='lat' dir='ltr'><strong>‘Senior</strong></span> <span class='ocrx_word' id='word_1_271' title='bbox 1122 3319 1265 3407; x_wconf 85' lang='lat' dir='ltr'><strong>epistola</strong></span> <span class='ocrx_word' id='word_1_272' title='bbox 1286 3337 1338 3402; x_wconf 80' lang='lat' dir='ltr'><strong>ea,</strong></span> <span class='ocrx_word' id='word_1_273' title='bbox 1390 3335 1391 3368; x_wconf 59' lang='lat' dir='ltr'><strong>t</strong></span> 
     </span>
     <span class='ocr_line' id='line_1_35' title="bbox 139 3397 1340 3500; baseline 0.006 -37"><span class='ocrx_word' id='word_1_274' title='bbox 139 3413 140 3422; x_wconf 76' lang='grc'>’</span> <span class='ocrx_word' id='word_1_275' title='bbox 214 3421 316 3500; x_wconf 81' lang='lat' dir='ltr'><strong>quarn</strong></span> <span class='ocrx_word' id='word_1_276' title='bbox 338 3397 470 3466; x_wconf 73' lang='lat' dir='ltr'><strong>Perorsi</strong></span> <span class='ocrx_word' id='word_1_277' title='bbox 492 3397 729 3490; x_wconf 83' lang='lat' dir='ltr'><strong>Cornucopiae</strong></span> <span class='ocrx_word' id='word_1_278' title='bbox 761 3415 795 3468; x_wconf 86' lang='lat' dir='ltr'><strong>et</strong></span> <span class='ocrx_word' id='word_1_279' title='bbox 824 3403 1001 3470; x_wconf 82' lang='lat' dir='ltr'><strong>veteribus</strong></span> <span class='ocrx_word' id='word_1_280' title='bbox 1029 3403 1139 3482; x_wconf 83' lang='lat' dir='ltr'><strong>tribus</strong></span> <span class='ocrx_word' id='word_1_281' title='bbox 1170 3425 1340 3494; x_wconf 86' lang='lat' dir='ltr'><strong>gramma·</strong></span> 
     </span>
     <span class='ocr_line' id='line_1_36' title="bbox 211 3485 1390 3586; baseline 0.008 -35"><span class='ocrx_word' id='word_1_282' title='bbox 211 3485 289 3586; x_wconf 71' lang='lat' dir='ltr'><strong>tucis</strong></span> <span class='ocrx_word' id='word_1_283' title='bbox 310 3485 489 3572; x_wconf 81' lang='lat' dir='ltr'><strong>praefixit,</strong></span> <span class='ocrx_word' id='word_1_284' title='bbox 519 3485 638 3552; x_wconf 80' lang='lat' dir='ltr'><strong>scribit</strong></span> <span class='ocrx_word' id='word_1_285' title='bbox 658 3487 749 3577; x_wconf 88' lang='lat' dir='ltr'><strong>ipsas</strong></span> <span class='ocrx_word' id='word_1_286' title='bbox 771 3487 884 3578; x_wconf 81' lang='lat' dir='ltr'><strong>Trogi</strong></span> <span class='ocrx_word' id='word_1_287' title='bbox 909 3487 1067 3556; x_wconf 86' lang='lat' dir='ltr'><strong>historias</strong></span> <span class='ocrx_word' id='word_1_288' title='bbox 1089 3501 1227 3557; x_wconf 81' lang='lat' dir='ltr'><strong>exstare</strong></span> <span class='ocrx_word' id='word_1_289' title='bbox 1248 3490 1339 3580; x_wconf 88' lang='lat' dir='ltr'><strong>apud</strong></span> <span class='ocrx_word' id='word_1_290' title='bbox 1388 3515 1390 3562; x_wconf 53' lang='grc' dir='ltr'><strong>ι</strong></span> 
     </span>
    </p>
   </div>
   <div class='ocr_carea' id='block_1_8' title="bbox 83 3571 1338 3664">
    <p class='ocr_par' dir='ltr' id='par_1_9' title="bbox 83 3571 1338 3664">
     <span class='ocr_line' id='line_1_37' title="bbox 83 3571 1338 3664; baseline 0.004 -26"><span class='ocrx_word' id='word_1_291' title='bbox 83 3601 107 3618; x_wconf 73' lang='lat'><strong>¹·</strong></span> <span class='ocrx_word' id='word_1_292' title='bbox 213 3587 358 3638; x_wconf 80' lang='lat' dir='ltr'><strong>smmum</strong></span> <span class='ocrx_word' id='word_1_293' title='bbox 381 3571 551 3662; x_wconf 87' lang='lat' dir='ltr'><strong>quendam</strong></span> <span class='ocrx_word' id='word_1_294' title='bbox 572 3573 711 3640; x_wconf 86' lang='lat' dir='ltr'><strong>doctum</strong></span> <span class='ocrx_word' id='word_1_295' title='bbox 730 3592 769 3640; x_wconf 86' lang='lat' dir='ltr'><strong>ac</strong></span> <span class='ocrx_word' id='word_1_296' title='bbox 793 3585 964 3664; x_wconf 82' lang='lat' dir='ltr'><strong>spectatae</strong></span> <span class='ocrx_word' id='word_1_297' title='bbox 984 3574 1084 3656; x_wconf 86' lang='lat' dir='ltr'><strong>fidei,</strong></span> <span class='ocrx_word' id='word_1_298' title='bbox 1123 3588 1159 3642; x_wconf 85' lang='lat' dir='ltr'><strong>et</strong></span> <span class='ocrx_word' id='word_1_299' title='bbox 1187 3597 1338 3664; x_wconf 82' lang='lat' dir='ltr'><strong>sperare,</strong></span> 
     </span>
    </p>
   </div>
   <div class='ocr_carea' id='block_1_9' title="bbox 211 3655 1390 3760">
    <p class='ocr_par' dir='ltr' id='par_1_10' title="bbox 211 3655 1390 3760">
     <span class='ocr_line' id='line_1_38' title="bbox 211 3655 1390 3760; baseline 0.004 -38"><span class='ocrx_word' id='word_1_300' title='bbox 211 3655 413 3760; x_wconf 82' lang='lat' dir='ltr'><strong>propediem</strong></span> <span class='ocrx_word' id='word_1_301' title='bbox 433 3656 470 3724; x_wconf 88' lang='lat' dir='ltr'><strong>in</strong></span> <span class='ocrx_word' id='word_1_302' title='bbox 490 3658 601 3724; x_wconf 89' lang='lat' dir='ltr'><strong>lucem</strong></span> <span class='ocrx_word' id='word_1_303' title='bbox 622 3659 678 3725; x_wconf 88' lang='lat' dir='ltr'><strong>edi</strong></span> <span class='ocrx_word' id='word_1_304' title='bbox 698 3677 810 3750; x_wconf 86' lang='lat' dir='ltr'><strong>posse.</strong></span> <span class='ocrx_word' id='word_1_305' title='bbox 854 3657 987 3728; x_wconf 87' lang='lat' dir='ltr'><strong>Verum</strong></span> <span class='ocrx_word' id='word_1_306' title='bbox 1007 3661 1134 3728; x_wconf 87' lang='lat' dir='ltr'><strong>amicus</strong></span> <span class='ocrx_word' id='word_1_307' title='bbox 1157 3661 1223 3728; x_wconf 85' lang='lat' dir='ltr'><strong>ists</strong></span> <span class='ocrx_word' id='word_1_308' title='bbox 1241 3663 1338 3728; x_wconf 89' lang='lat' dir='ltr'><strong>Aldo</strong></span> <span class='ocrx_word' id='word_1_309' title='bbox 1389 3675 1390 3745; x_wconf 62' lang='lat' dir='ltr'><strong>l</strong></span> 
     </span>
    </p>
   </div>
   <div class='ocr_carea' id='block_1_10' title="bbox 210 3741 1338 3918">
    <p class='ocr_par' dir='ltr' id='par_1_11' title="bbox 210 3741 1338 3918">
     <span class='ocr_line' id='line_1_39' title="bbox 210 3741 1338 3896; baseline 0.004 -86"><span class='ocrx_word' id='word_1_310' title='bbox 210 3743 383 3896; x_wconf 52' lang='lat' dir='ltr'><strong>rmppspltt.</strong></span> <span class='ocrx_word' id='word_1_311' title='bbox 424 3741 513 3812; x_wconf 86' lang='lat' dir='ltr'><strong>Sane</strong></span> <span class='ocrx_word' id='word_1_312' title='bbox 540 3743 686 3812; x_wconf 85' lang='lat' dir='ltr'><strong>necdum</strong></span> <span class='ocrx_word' id='word_1_313' title='bbox 714 3745 866 3838; x_wconf 78' lang='lat' dir='ltr'><strong>prodiit3</strong></span> <span class='ocrx_word' id='word_1_314' title='bbox 897 3767 1021 3838; x_wconf 83' lang='lat' dir='ltr'><strong>nsque,</strong></span> <span class='ocrx_word' id='word_1_315' title='bbox 1054 3759 1156 3838; x_wconf 86' lang='lat' dir='ltr'><strong>puto,</strong></span> <span class='ocrx_word' id='word_1_316' title='bbox 1189 3767 1338 3837; x_wconf 86' lang='lat' dir='ltr'><strong>uuquam</strong></span> 
     </span>
     <span class='ocr_line' id='line_1_40' title="bbox 212 3851 379 3918; baseline 0.012 -25"><span class='ocrx_word' id='word_1_317' title='bbox 212 3851 255 3918; x_wconf 88' lang='lat' dir='ltr'><strong>pr</strong></span> <span class='ocrx_word' id='word_1_318' title='bbox 302 3851 379 3903; x_wconf 82' lang='grc' dir='ltr'><strong>ιι.</strong></span> 
     </span>
    </p>
   </div>
   <div class='ocr_carea' id='block_1_11' title="bbox 0 0 1402 4866">
    <p class='ocr_par' dir='ltr' id='par_1_12' title="bbox 0 0 1402 4866">
     <span class='ocr_line' id='line_1_41' title="bbox 0 0 1402 4866; baseline 0 0"><span class='ocrx_word' id='word_1_319' title='bbox 0 0 1402 4866; x_wconf 95' lang='lat' dir='ltr'><strong> </strong></span> 
     </span>
    </p>
   </div>
  </div>
 </body>
</html>
