2702 4852
170 550 172 559 ¹
211 563 356 640 ''amillia
377 560 563 652 quingenti,
584 581 694 627 naves
715 574 849 626 eentum
871 559 1044 648 octoginta
1065 559 1164 624 duae.
1207 558 1346 623 Hasta

247 661 355 758 parva
376 689 478 734 manu
498 665 697 731 universum
717 675 882 730 terrarum
903 663 1022 730 orbem
1042 675 1157 728 utrum
1181 660 1343 726 admirab'

218 774 316 839 llius
336 769 477 850 vicerit,
505 793 549 834 an
570 766 711 855 adgredi
732 790 831 834 ausus
851 765 1006 850 fuerit,
994 779 1164 832 incertum
1186 778 1245 830 est.
1292 765 1346 831 Co

251 878 293 944 ad
312 889 382 942 tant
403 871 631 962 periculosum
652 871 777 936 bellum
799 869 987 938 exereitum
1007 871 1155 958 legeret,
1175 891 1248 936 non
1271 869 1339 935 inv

247 1002 307 1048 nes
329 979 505 1056 robustos,
527 997 590 1041 neo
610 973 759 1064 primum
779 973 899 1042 florem
926 973 1064 1056 aetatis,
1092 973 1154 1040 sed
1172 987 1346 1040 veteranos

247 1082 430 1174 plerosque
451 1079 551 1146 etiam
573 1077 734 1144 emeritae
751 1077 903 1160 militiae,
926 1076 1077 1166 quicum
1099 1092 1200 1166 patre
1220 1077 1338 1166 patru'

215 1191 312 1303 Squs
334 1183 579 1264 militaverant,
608 1179 730 1270 elegit.
757 1195 795 1247 nt
822 1201 892 1248 non
920 1195 989 1246 tam
1011 1181 1153 1263 milites,
1174 1203 1281 1270 quam
1300 1203 1344 1244 ma

128 1289 132 1299 '
217 1290 372 1378 figistros
399 1287 541 1352 militiae
570 1287 696 1352 electos
727 1299 875 1376 putares.
920 1285 1067 1352 Ordines
1102 1307 1241 1374 quoque
1277 1307 1351 1348 nem

247 1391 315 1460 nisi
336 1389 580 1477 sexagenarius
608 1388 725 1454 duxit:
746 1402 801 1471 ut,
831 1388 861 1453 si
881 1388 1050 1476 prinoipia
1070 1396 1272 1464 {saeuorum
1299 1411 1330 1452 oe

248 1517 365 1575 nerem
388 1506 539 1560 senatum
561 1505 595 1556 ta
617 1491 758 1558 alicuius
780 1491 912 1580 priseae
940 1490 1148 1581 reipublicae
1171 1491 1298 1560 videre
1322 1489 1342 1547 ·'

218 1614 352 1669 tceres.
394 1596 513 1684 Itaque
533 1615 634 1661 nemo
656 1593 693 1660 in
714 1595 843 1683 praelio
869 1593 1000 1683 fugam,
1033 1596 1093 1664 sed
1110 1595 1298 1664 victoriam
1312 1619 1337 1660 c·

249 1699 390 1792 gitavit3
410 1721 474 1764 nee
493 1699 531 1763 in
551 1697 696 1787 pedibus
714 1697 870 1785 cuiquam
890 1721 978 1786 spes,
1001 1698 1061 1764 sed
1080 1699 1117 1765 in
1136 1700 1281 1767 lacertis
1301 1698 1348 1763 fuit

131 1806 134 1818 ⁴
172 1889 177 1901 ι
208 1807 379 1872 .8Goutra
407 1825 473 1868 rex
501 1801 680 1867 Persarum
706 1799 850 1882 Darius,
885 1799 1009 1868 fiducia
1041 1802 1186 1886 virium,
1224 1803 1279 1869 nit
1303 1826 1350 1867 ιιι

252 1927 368 1999 agere,
392 1905 572 1971 adfirmans
596 1903 683 1984 suis,
708 1903 851 1968 esculea
877 1908 1030 1970 consilia
1051 1909 1234 1974 victoriae
1253 1906 1342 1998 surti

218 2023 323 2080 veae
343 2011 557 2076 convenire.-
587 2027 651 2071 nee
671 2007 804 2074 hostem
826 2007 924 2094 regni
945 2006 1069 2074 finibus
1090 2034 1225 2092 arcere,
1258 2011 1313 2075 sed
1331 2033 1351 2076 u

248 2115 405 2182 intimum
426 2133 568 2200 regnum
590 2108 762 2198 accipere3
791 2109 972 2198 gloriosius
994 2126 1087 2178 ratus
1109 2115 1280 2202 repellere
1298 2116 1342 2179 bel

199 2222 338 2299 tolum,
367 2237 467 2304 quam
495 2235 564 2280 ιιοιι
593 2213 783 2278 admittere.
824 2213 938 2280 Prima
972 2214 1076 2302 igitur
1104 2218 1304 2306 congressio
1346 2252 1349 2277 .

199 2330 236 2391 tt
251 2319 377 2409 eampis
398 2315 583 2384 Adrastiae
604 2313 680 2382 fuit.
724 2315 764 2382 In
787 2316 859 2382 acie
880 2317 1061 2384 Persarum
1083 2335 1251 2388 sexcenta
1272 2322 1348 2390 mill'

69 2447 74 2456 ¹
187 2435 191 2446 ’
254 2424 398 2499 militum
426 2419 656 2506 fuere31quae
684 2439 753 2484 non
783 2419 892 2484 minus
922 2436 994 2488 arte
1021 2423 1240 2508 Alexandri,
1278 2451 1350 2520 quan

242 2527 379 2596 ¹uirtute
393 2522 618 2608 Macedonum
632 2534 799 2612 superata,
821 2534 916 2609 terga
928 2540 1116 2592 verterunt.
1159 2529 1286 2616 Magna
1304 2521 1350 2596 ita¹

200 2633 244 2701 12·
252 2655 317 2722 que
339 2629 458 2696 caedes
472 2627 652 2694 Persarum
672 2624 747 2692 fuit.
791 2625 851 2694 De·
867 2628 1020 2694 exercitu
1036 2631 1235 2699 Alexandri
1255 2535 1350 2701 noveii

187 2748 240 2804 113
253 2735 396 2828 pedites,
419 2743 554 2796 eentum
566 2729 691 2818 viginti
706 2729 835 2818 equites
849 2729 1020 2814 oecidere3
1042 2757 1127 2824 quos
1141 2759 1210 2802 rex
1223 2736 1327 2826 impen

252 2841 294 2906 a'd
318 2851 507 2904 ceterorum
529 2835 722 2922 exemplum
743 2833 899 2902 humatos
923 2834 1281 2924 statuis-equestribus
1303 2842 1320 2905 d

203 2951 242 3009 14
256 2940 366 3020 navit,
397 2935 616 3024 cognatisque
649 2957 767 3002 eorum
794 2929 1023 3004 immunitates
1052 2939 1155 3006 dedit.
1202 2941 1285 3010 Post
1312 2968 1348 3010 ιι

202 3055 240 3114 tt
253 3043 394 3130 storiam
410 3040 518 3106 maior
531 3060 611 3128 pars
626 3039 735 3104 Asiae
757 3039 799 3104 ad
822 3063 899 3106 eum
920 3041 1052 3106 defecit.
1096 3042 1213 3112 Gessit
1229 3061 1264 3112 et
1277 3051 1328 3136 plu

252 3149 341 3214 bella
377 3167 452 3211 eum
481 3142 660 3231 praefectis
689 3143 802 3225 Darii,
839 3166 926 3234 quos
953 3143 1022 3212 iam
1050 3168 1117 3216 non
1152 3163 1227 3218 tam
1256 3153 1342 3220 armis

1324 2753 1349 2958 ‚La

253 3273 353 3340 quam
373 3261 506 3314 terrore
526 3247 671 3313 nominis
692 3246 745 3312 sui
765 3247 858 3313 vioit.

223 3363 272 3419 1
339 3353 433 3415 Car.
455 3375 521 3416 vn.
566 3350 656 3415 Dum
670 3350 753 3415 haee
774 3365 929 3438 aguntur,
951 3351 1091 3421 interim
1112 3353 1245 3428 indicio
1263 3343 1347 3457 eapti

251 3441 358 3526 viad
379 3479 455 3520 eum
475 3454 635 3534 defertur,
659 3453 807 3520 insidias
823 3459 857 3520 ei
879 3459 924 3520 ab
947 3458 1175 3532 Alexandro
1190 3465 1346 3553 lyncum

253 3580 378 3650 genero
395 3557 581 3648 Antipatri,
597 3556 655 3645 qui
670 3558 887 3645 praepositus
899 3559 1118 3628 Macedoniae
1135 3581 1221 3648 erat,
1235 3591 1340 3655 paror

218 3661 308 3735 nob
330 3675 431 3752 quam
457 3678 589 3729 oausam
610 3660 750 3742 timens,
772 3685 815 3726 ne
838 3663 912 3752 quis
932 3663 1111 3732 interiecto
1133 3689 1174 3734 eo
1198 3669 1236 3736 in
1259 3569 1346 3738 Maed

221 3767 355 3836 odonia
377 3777 487 3832 motus
510 3765 668 3846 oriretur,
689 3763 726 3830 in
747 3764 892 3832 vinculis
913 3783 994 3832 ‘eum
1009 3769 1140 3838 habuit.
1183 3773 1269 3842 Post
1288 3779 1345 3848 haa

255 3871 422 3940 Gordium
449 3869 569 3954 urbem
596 3867 700 3960 petit,
721 3891 823 3958 ,quiae
851 3870 964 3966 posita
987 3885 1042 3938 est
1069 3873 1159 3951 inter
1186 3876 1345 3982 Phrygiaq

223 3975 420 4044 densiorem
451 3983 486 4040 et
511 3971 695 4044 minorem:
726 3974 824 4044 ,cuius
862 3973 956 4068 urbis
989 3977 1174 4066 potiundae
1208 4003 1279 4050 non
1304 3997 1344 4054 tat

551 4157 556 4170 ⁵
599 4151 671 4196 MV·
692 4153 783 4196 LEGT.
805 4151 931 4198 onttv·

994 4223 999 4244 t
1019 4225 1022 4240 ι

1340 4339 1343 4366 A

1337 4559 1342 4768 l

261 4343 265 4350 ·
299 4296 399 4364 Gna
421 4295 486 4371 snt
521 4300 547 4380 ι.
572 4304 792 4360 iuramento
807 4294 909 4360 millia
920 4261 1027 4386 suere.
