2786 4856
239 305 319 414 290'
535 353 634 409 ›tn
673 355 858 406 uso-es
886 353 1037 408 uter.
1151 305 1158 318 ⁸

246 525 340 595 inter
359 515 455 610 ipsos
476 530 551 586 orta
573 532 662 586 suut.
697 515 781 585 inde
795 517 959 608 repetitae
973 515 1294 610 Peloponnensium
1308 523 1389 610 ori-y

248 628 362 722 gines:
395 635 432 688 ut
455 622 496 688 ab
519 621 676 688 Herculis
704 621 850 712 posteris
879 621 1008 689 Dorico
1035 625 1165 714 populo
1194 622 1242 690 sit
1270 645 1377 692 occu-

244 746 335 824 pata.
376 723 511 794 Deinde
539 725 629 792 bella
656 725 824 814 Argolica
852 739 887 792 et
922 725 1147 794 Messeniaca:
1188 727 1373 816 coalitique

182 871 187 892 2
246 835 395 926 Sicyone
415 843 450 896 et
472 825 629 896 Corinthi
650 829 798 920 tyranni.
841 817 974 896 Bellum
990 827 1203 913 Crissaeum;
1227 843 1266 895 et
1288 831 1369 918 quod

244 935 477 1012 Athenienses
497 931 609 1024 primo
629 953 706 1004 eum
725 931 882 1019 Boeotis,
903 932 985 1000 dein
1012 943 1090 1002 oum
1109 933 1390 1040 Peloponnesiis}

245 1053 437 1136 gesserunt.
1389 1049 1390 1052 ’

529 1190 780 1260 Puonocns
821 1189 971 1260 L1nn1
1012 1191 1083 1262 IV.
1163 1241 1167 1248 -

327 1363 461 1454 Quarto
492 1361 669 1432 volumine
699 1361 916 1430 continentur
942 1387 997 1432 res
1028 1363 1181 1444 Siculae,
1213 1361 1262 1428 ab
1292 1363 1369 1430 ulti-

245 1493 303 1540 ma
329 1467 463 1560 origiue
495 1491 603 1556 usque
633 1465 678 1534 ad
712 1469 858 1534 deletam
890 1461 1069 1558 Syracusis
1102 1465 1367 1536 Atheniensium

242 1577 395 1644 classem.
472 1575 487 1610 0

535 1723 796 1794 Psonocus
836 1721 1072 1792 LinunV.

326 1895 456 1981 Quinto
491 1893 666 1962 volumine
703 1891 920 1961 continentur
953 1881 1047 1959 haec.
1105 1891 1246 1960 Bellum
1281 1892 1367 1960 inter

240 2001 470 2092 Athenienses
493 1995 845 2078 ethacedaemouios,
868 1994 958 2084 quod
976 1995 1196 2066 Deceleicum
1217 2011 1365 2081 vocatur,

230 2127 350 2196 ¹usque
381 2101 424 2170 ad
453 2114 569 2190 captas
590 2101 757 2166 Athenas.
793 2089 849 2166 Ut
871 2099 1007 2186 expulsi
1029 2115 1107 2166 suut
1128 2101 1287 2168 Athenis
1307 2102 1363 2168 tri·

242 2209 338 2300 ginta
357 2203 508 2296 tyranni.
551 2205 704 2287 Bellum,
728 2201 820 2290 quod
843 2199 1102 2270 Lacedaemonii
1123 2203 1162 2270 in
1182 2204 1277 2270 Asia
1298 2228 1365 2272 cum

241 2316 444 2380 Artaxerxe
466 2320 659 2396 gesserunt,
696 2319 839 2396 propter
861 2303 989 2394 Cyrum
1011 2305 1145 2372 initum.
1192 2305 1287 2375 Hinc
1308 2333 1363 2376 re-

201 2501 205 2506 ·
238 2413 382 2508 petitum
403 2411 440 2478 iu
462 2431 605 2476 excessu
628 2407 712 2498 Cyri
735 2433 810 2474 cum
831 2405 939 2479 fratre
960 2409 1104 2492 bellnm3
1145 2422 1180 2476 et
1212 2409 1358 2480 Graeco-

218 2541 329 2604 μω,
351 2513 410 2606 qni
429 2513 493 2580 sub
516 2533 558 2578 eo
579 2511 825 2580 militaverunt.

518 2711 782 2782 Pnouoeus
824 2710 971 2780 Ltun1
1020 2709 1088 2778 Vl.

255 2889 260 2896 ’
324 2863 432 2956 sexto
450 2884 625 2951 volumine
646 2884 861 2952 continentur
888 2883 981 2949 haec.
1030 2881 1160 2949 Bellum
1188 2883 1359 2954 Lacedae-

200 3055 205 3064 .
239 2991 453 3072 moniornm,
476 3001 607 3076 gestum
636 2987 782 3054 iu'Asia
805 3011 880 3054 cum
904 2985 1049 3054 Persicis
1074 2988 1278 3076 praelectis,
1300 2993 1360 3058 du-

240 3097 337 3164 cibus
367 3093 449 3159 helli
476 3089 676 3181 Dercyllide
705 3106 740 3156 et
771 3091 956 3182 Agesilao,
985 3113 1089 3179 usqne
1119 3091 1162 3156 ad
1197 3095 1360 3182 praelium

237 3199 359 3268 navale
380 3195 506 3261 factum
531 3191 659 3260 Cnido:
691 3216 759 3282 quo
780 3193 880 3259 victis
903 3191 982 3273 illis,
1006 3191 1238 3288 Athenienses
1262 3221 1361 3287 repe-

238 3303 325 3369 tiere
353 3297 546 3388 imperium.
590 3297 681 3363 Dein
713 3297 840 3373 bellurn
869 3293 1137 3377 Corinthiacum,
1175 3310 1210 3361 et
1240 3298 1360 3366 bellum

122 3435 124 3438 ·
238 3399 429 3484 Boeotium,
452 3421 520 3491 quo
543 3399 698 3467 Leuctris
721 3413 754 3466 et
770 3399 961 3465 Mantineae
980 3398 1063 3465 victi
1081 3397 1253 3488 Spartani,
1276 3403 1360 3469 ami-

240 3515 316 3576 sere
337 3503 530 3594 imperium.
572 3503 612 3570 In
627 3501 807 3572 Thessalia
829 3501 954 3568 deinde
966 3501 1106 3585 Iasonis,
1122 3515 1158 3568 et
1174 3518 1256 3592 post
1269 3505 1359 3572 illum

239 3607 435 3679 Alexandri
467 3607 614 3676 Pheraei
643 3607 803 3674 coalitum
825 3620 925 3696 etque
947 3607 1152 3674 exstinctum
1171 3607 1357 3698 imperium·

238 3714 332 3794 Turn
352 3710 478 3777 sociale
497 3709 623 3778 bellum
639 3726 770 3798 gestum
788 3710 951 3778 adversus
968 3707 1201 3785 Athenienses
1226 3737 1246 3778 a
1262 3711 1357 3795 Chiis,

238 3832 274 3913 et
301 3813 470 3898 Rhodiis,
502 3830 536 3880 et
561 3813 761 3904 Byzantiis,
796 3812 978 3882 Transitus
999 3813 1080 3882 hinc
1102 3815 1225 3910 adres
1247 3815 1359 3884 Mace-

238 3917 389 3988 donicas.
608 3917 612 3926 ’

454 4099 459 4130 ;
509 4051 764 4132 Psouoeus
805 4051 953 4124 hreni
995 4053 1087 4126 Vll.

242 4203 264 4234 θ’
323 4221 477 4318 Septimo
498 4205 674 4293 volumine
694 4225 910 4296 continentur
937 4213 1087 4318 origines
1108 4221 1365 4316 Macedonicae,⁴

155 4365 157 4372 1
240 4324 405 4424 iegesdue
426 4353 462 4432 ¹a¹
483 4329 659 4400 conditore
682 4331 798 4421 'gentis
826 4330 958 4402 Carano
987 4355 1094 4422 usque
1126 4331 1172 4400 ad
1200 4329 1358 4420 Magnum
