2786 4856
530 261 901 372 emon-oct*
1104 274 1264 355 '295‘

360 399 364 416 ⁸
416 429 642 500 Pnouoous
673 405 941 528 [arserixxl.

37 591 39 596 “
156 581 240 652 Uno
266 597 302 651 et
326 585 492 680 vicesimo
517 593 692 661 volu'mine
719 600 937 672 continentur
957 603 1056 672 haec.
1089 603 1199 678 Utin

70 683 193 753 Sicilia
225 687 413 779 Dionysius
441 689 539 773 filius,
591 711 689 788 patre
718 703 860 790 amisso,
897 709 1052 776 tractarit
1083 708 1208 802 impe-'
1294 705 1313 745 ‘¹

71 789 176 856 rium.
217 791 285 866 Per
303 791 555 864 Dionem'inde
577 799 702 896 eiectus
728 807 854 876 bellum
876 834 953 879 cum
973 813 1095 882 Siculis
1117 838 1200 902 ges·-

73 893 139 976 sit3
168 893 292 978 donec,
321 897 453 965 amissis
474 899 591 969 liberis
615 920 650 972 et
669 905 850 1004 spatribus,
879 913 1080 1005 Corinthum
1103 917 1197 986 abiit.

71 996 122 1065 Ut
154 1022 174 1064 u
204 997 423 1068 Timoleonte
446 1002 886 1095 Carthaginiensinmhello
909 1018 952 1084 sit
973 1019 1116 1087 liberata
1137 1020 1199 1106 Si-

71 1101 167 1167 cilia:
188 1101 393 1193 mortuoque
414 1105 598 1177 Sosistrato
618 1113 744 1183 iterum
764 1117 854 1187 fucta
875 1121 1059 1206 seditioni,
1081 1099 1208 1190 alces-2²

57 1205 194 1294 ¹nitique
222 1206 267 1272 ud
296 1207 422 1274 bellum
444 1207 740 1303 Carthaginienses·
763 1222 971 1294 obsederunt
991 1225 1197 1316 Syracusisr

68 1329 138 1394 quo
159 1310 250 1378 bello
270 1310 481 1404 Agathocles
500 1332 641 1386 nanctus
661 1321 844 1414 imperium
866 1343 927 1396 est.
956 1369 958 1381 =

393 1505 615 1576 Pnonocus
651 1511 793 1582 'Lrnnr
829 1495 954 1586 XXII.

155 1661 311 1732 Secundo
333 1679 367 1730 et
386 1664 552 1732 vicesimo
569 1667 744 1738 volumine
758 1651 973 1742 continentur
986 1657 1095 1766 haec,
1123 1646 1203 1746 Ιίἐι1
1256 1728 1262 1746 1

65 1781 182 1856 gestus
201 1767 480 1856 Agat-hoclisr‘ut
501 1791 520 1832 a
540 1767 665 1834 Poenis
686 1755 826 1838 nanctus
848 1774 1046 1864 imperium,
1067 1761 1200 1851 bellum'

64 1895 145 1938 cum
166 1872 251 1961 ipsis
272 1869 393 1960 gessit,
421 1871 568 1957 primum
589 1872 626 1937 in
648 1871 782 1958 Sicilia,
809 1876 931 1944 dehinc
951 1879 1062 1947 victus
1083 1883 1196 1962 troie-
1262 1917 1264 1926 ¹

64 1977 115 2042 cit
135 1975 173 2046 in
193 1974 368 2042 Africam:
394 1973 453 2039 ubi
474 1995 629 2062 possessu
653 1977 846 2064 provincia,
878 1979 1057 2070 Ophellam
1077 2007 1196 2074 regem

65 2079 282 2170 Cyrenarum
308 2076 489 2144 interfecit.
532 2077 582 2148 Ut
614 2103 733 2174 rursus
767 2081 805 2148 in
833 2083 985 2160 Siciliam
1021 2110 1192 2178 reversus,

66 2197 232 2272 occupata
260 2183 364 2250 totius
391 2181 521 2248 insulae
549 2181 799 2270 dominatione,
835 2210 911 2254 cum
934 2189 1135 2256 revertisset
1156 2191 1194 2260 in

64 2286 241 2369 Africam,
277 2287 409 2352 amissis
428 2285 551 2374 copiis,
584 2289 675 2362 solus
694 2287 775 2356 inde
797 2292 950 2380 profugit
970 2293 1007 2359 in
1027 2293 1195 2364 Siciliam:

65 2389 225 2478 belloque
246 2389 296 2456 ibi
317 2390 510 2492 repetitus,
536 2404 569 2456 et
597 2414 673 2456 cum
702 2391 825 2468 Poenis
852 2419 971 2489 pacem
993 2399 1194 2491 composuit,

65 2497 104 2560 e‘t
123 2493 325 2562 dissidentes
348 2519 369 2565 a
389 2517 426 2563 se
447 2495 580 2563 Siculos
603 2495 755 2564 subiecit.
1081 2529 1087 2536 ·

290 2773 292 2778 ,
382 2709 604 2772 Pnouocns
634 2697 776 2777 ¹11113111
808 2710 963 2776 sXXIIl.
1012 2693 1017 2707 ³

151 2865 276 2932 Tertio
305 2877 341 2932 st
370 2864 534 2947 uicesimo
564 2866 741 2942 volumine
768 2866 986 2944 continentur
1006 2863 1102 2934 haec.
1143 2867 1193 2940 Ut

62 2969 292 3060 Agathocles,
326 2969 454 3036 domita
477 2970 608 3052 Sicilia,
639 2970 766 3036 bellum
787 2969 823 3036 in
845 2969 943 3036 ltalia
963 2968 1113 3038 Bruttiis¹
1132 2971 1193 3040 in⁴

64 3074 194 3140 tulerit.
224 3072 402 3158 Repetitae
416 3074 495 3140 inde
510 3075 724 3145 Bruttiorum
738 3075 903 3162 originesz
927 3075 1084 3140 omnihus
1100 3077 1191 3159 subn,
1206 3105 1208 3110 ·

65 3178 167 3258 actis,
206 3201 271 3246 rex
291 3178 457 3244 seditione
478 3178 540 3244 filii
565 3179 763 3250 exheredati
786 3201 824 3244 ao
844 3178 978 3268 nepotis
1000 3200 1193 3266 oppressus,

62 3281 204 3348 interiit.
245 3281 340 3348 Inter
371 3283 571 3371 peregrinos
602 3283 727 3350 deinde
754 3283 879 3350 milites
908 3281 980 3348 eius
1004 3295 1037 3346 et
1059 3281 1204 3350 Siculos

63 3387 193 3452 bellum
213 3399 363 3452 motum:
397 3410 484 3474 quae
506 3410 606 3454 causa
626 3387 798 3478 Pyrrhum
817 3408 932 3474 regem
954 3383 1053 3474 Epiri
1074 3384 1110 3452 in
1132 3386 1194 3452 Si·-

63 3489 180 3556 ciliani
202 3489 358 3576 adduxit.
393 3489 513 3570 Bella,
536 3515 622 3578 quae
642 3491 795 3581 Pyrrhus
817 3513 892 3556 cum
905 3489 1036 3584 Poenis
1058 3501 1093 3556 et
1112 3487 1193 3554 Mn-
1301 3516 1302 3524 ¹

62 3592 219 3660 mertinis
238 3593 289 3660 ihi
310 3591 432 3680 gessit3
472 3607 505 3660 et
527 3615 547 3660 a
567 3593 684 3661 Sicilia
705 3617 864 3662 reversus
886 3593 924 3660 in
944 3593 1095 3680 ltaliam,
1130 3593 1193 3661 vi*
1253 3645 1255 3651 ι

64 3713 206 3788 ctusqus
228 3697 359 3788 praelio
380 3721 400 3764 a
421 3695 603 3785 Romanis,
624 3698 768 3768 revertit
788 3698 825 3769 in
844 3695 998 3788 Epirum·

377 3907 607 3974 Pnonosns
646 3909 780 3972 Lronr
822 3907 967 3972 xxtv.·

151 4067 280 4154 Quarto
303 4081 338 4133 et
354 4066 521 4134 vicesimo
542 4065 715 4134 volumine
737 4063 953 4132 continentur
972 4063 1066 4129 haec.
1108 4061 1196 4130 Bel-

64 4173 152 4254 lum,
181 4171 276 4260 quod
296 4171 389 4238 inter
409 4172 624 4260 Antigonum
647 4167 818 4236 Gonatem
838 4182 873 4234 et
893 4167 1104 4234 Antiochum
1127 4167 1197 4234 Ss-

63 4273 293 4378 teuci'filium
321 4273 359 4342 in
387 4273 475 4344 Asia
503 4291 637 4366 gestum
654 4287 723 4342 est.
764 4272 918 4352 Bellum,
957 4269 1050 4365 quod
1076 4269 1197 4384 Ptole-
1256 4267 1259 4275 '
