2708 4858
192 197 308 313 ‘182
442 181 476 241 l
632 257 934 316 ruerunt

191 428 231 490 to
245 415 379 492 ba'ntnr.
422 419 553 490 Horum
572 421 678 513 igitur
700 446 746 489 ex
764 442 902 498 numero
924 415 1163 509 quinquaginta
1183 415 1330 505 primosi

242 525 331 614 agris
354 525 570 592 finitimorum
598 525 755 616 praedari
775 525 886 606 soliti,
907 523 1095 592 confluente
1117 519 1235 586 deinde
1256 523 1330 583 mul-

135 621 138 630 ’
242 627 403 710 titudine,
427 627 595 696 sollicitati
625 627 760 718 praeda,
790 652 866 696 cum
887 629 1000 716 plures
1022 623 1102 690 facti
1121 635 1238 702 essent,
1256 622 1329 686 inle-

197 741 232 797 tl
249 746 316 798 stas
338 733 495 820 regiones
513 732 708 798 reddebant.
751 731 869 819 Itaque
890 729 1048 818 fatigatus
1069 726 1213 816 querelis
1240 726 1332 790 socio·

244 855 320 901 rum
351 835 554 926 Dionysius,
582 835 719 902 Siciliae
738 848 937 926 ,tyrannum
971 845 1149 898 sexcentos
1184 827 1282 894 Altos
1304 831 1331 894 ad

135 977 138 986 ·
194 944 235 1004 12
250 940 510 1026 compescendos
544 959 603 1006 eos
633 937 786 1004 miserat:
821 959 965 1026 quorum
995 934 1167 999 castellum
1188 931 1333 1018 proditum

248 1039 315 1106 sibi
335 1065 396 1130 per
415 1041 581 1108 Bruttium
604 1041 778 1107 mulierem
800 1049 1100 1127 expugnaverunt3
1133 1033 1247 1122 ibique
1266 1036 1343 1100 ciri-i

247 1155 365 1225 tatem,
387 1145 664 1211 concurrentibus
692 1146 734 1211 ad
762 1143 959 1232 opinionem
987 1162 1096 1206 novae
1124 1139 1218 1204 urbis
1241 1153 1343 1226 pasto-¹

246 1245 359 1326 ribus,
380 1261 583 1330 statuerunt;
604 1249 829 1336 Bruttiosque
849 1270 884 1313 se
905 1270 951 1312 ex
972 1243 1106 1309 nornine
1128 1241 1271 1314 mulieris
1288 1265 1332 1307 vo·

200 1355 239 1414 13
254 1363 425 1415 caverunt.
468 1351 617 1416 Primum
644 1353 712 1418 illis
742 1373 818 1422 cum
849 1347 1007 1429 Lucanis,
1040 1343 1181 1432 originis
1202 1368 1332 1410 succan-

198 1459 236 1521 14
250 1454 419 1532 oloribus,
443 1453 566 1519 bellum
588 1454 670 1522 suits
707 1457 801 1521 onius
831 1452 975 1518 victoria
1003 1449 1126 1530 erecti,
1155 1471 1228 1514 cum
1247 1471 1333 1536 pacen

163 1605 167 1613 .
250 1577 357 1644 nequo
378 1554 450 1620 iure
471 1555 647 1636 fecissent,
669 1572 800 1626 ceteros
830 1555 990 1621 finitimos
1017 1553 1118 1620 armis
1146 1553 1333 1639 subegeruntg

251 1671 427 1748 tantasque
455 1681 537 1747 opes
565 1661 664 1726 brevi
685 1659 855 1726 consecuti
883 1673 979 1739 sunt,
1007 1669 1044 1723 ut
1066 1653 1245 1746 perniciosi
1264 1655 1334 1720 etian

197 1768 242 1834 ,¹5
257 1761 394 1848 regibus
416 1764 627 1832 haberentur.
672 1761 827 1850 Denique
848 1761 1060 1842 Alexander,
1081 1783 1145 1824 rex
1166 1757 1269 1848 Epiri,
1285 1783 1333 1824 cun

251 1863 287 1932 in
317 1865 479 1930 auxilinm
510 1864 717 1933 Graecarum
749 1866 938 1932 civitatium
966 1889 1040 1932 cum
1064 1885 1186 1950 magno
1219 1863 1344 1936 exercito

254 1967 288 2040 lu
316 1965 639 2054 ltaliamwisset,
674 1993 748 2044 curn
777 1970 933 2036 omnibus
962 1967 1068 2054 copiis
1090 1967 1133 2030 ab
1162 1965 1215 2030 bis
1241 1953 1344 2030 deletusl

120 2069 123 2080 ⁵
205 2077 315 2136 locst.
360 2067 609 2158 erareseritas
639 2094 754 2138 eorum
784 2095 938 2139 successu
958 2069 1128 2136 felicitatis
1149 2069 1285 2149 incensa,
1301 2070 1335 2132 diu

110 2205 111 2208 ¹
206 2171 417 2238 t'lterribilis
445 2173 694 2241 finitimis'suit.
737 2176 794 2240 Ad
821 2173 1252 2263 postrernum'imploratus
1269 2173 1335 2258 Aga-

256 2276 399 2357 thocles,
422 2301 481 2366 spe
502 2279 683 2368 ampliandi
703 2278 816 2366 regni,
846 2301 865 2342 a
887 2277 1000 2344 Sicilia
1022 2277 1056 2341 in
1078 2275 1210 2340 ltaliam
1230 2275 1334 2342 traiecit.

228 2386 246 2444 t
346 2378 438 2446 Cer.
462 2379 509 2446 ιι.’
542 2381 714 2473 Principio
743 2383 908 2448 adventus
935 2381 1006 2448 eius
1031 2377 1192 2467 opinione
1214 2375 1334 2456 concussi,

257 2482 387 2572 legatos
404 2485 444 2549 ed
462 2509 547 2560 eum,
559 2485 753 2552 societatem
769 2485 1014 2572 amicitiamque
1030 2486 1182 2572 p‘etentes
1202 2481 1333 2546 miserunt.

230 2585 359 2667 2Quos
381 2589 587 2673 Agathocles
608 2590 648 2654 ad
672 2589 813 2656 coenam
830 2589 1008 2666 invitatos,
1029 2609 1071 2650 ne
1093 2585 1275 2650 exercitum
1291 2597 1334 2647 ln·

262 2689 320 2755 iici
341 2689 507 2770 viderent,
526 2693 561 2758 in
585 2707 753 2780 posterum
775 2707 898 2759 statuta
920 2689 972 2757 his
995 2687 1066 2770 die,
1087 2711 1267 2754 conscensa
1282 2709 1335 2751 aare

233 2793 441 2868 afr-nstratus
466 2810 524 2865 eet.
567 2795 633 2864 Sed
656 2797 785 2862 fraudis
806 2797 896 2862 lraud
917 2798 1022 2859 laetus
1044 2806 1185 2858 eventus
1213 2791 1283 2856 luit:
1307 2788 1335 2852 si-

263 2898 398 2986 quidem
421 2899 547 2966 reverti
570 2923 644 2964 eum
666 2899 700 2964 in
722 2899 887 2980 Siciliam,
906 2896 1092 2972 ,interiectis
1112 2896 1230 2983 paucis
1251 2895 1345 2972 dielnl

181 3069 184 3076 Α
234 3003 322 3070 dvis
348 3003 460 3071 morbi
489 3004 616 3091 coligit3
659 3017 827 3092 qno-toto
856 3023 999 3091 corpore
1019 2999 1336 3088 comprehensus,pu

267 3125 383 3172 omnes
416 3128 540 3172 nervos
570 3109 794 3196 articulosque
827 3107 968 3172 humore
1000 3101 1164 3192 pestifero
1201 3113 1335 3188 grassante,

227 3259 232 3266 .
266 3211 359 3274 velut
379 3208 538 3275 intestino
558 3211 767 3297 singulorum
783 3209 1008 3276 membrorum
1036 3207 1127 3270 bello
1155 3200 1335 3292 impugnaba-

238 3317 331 3382 atur,
374 3309 428 3378 Ex
450 3337 514 3401 qua
535 3313 769 3400 desperatione
791 3314 914 3377 bellum
934 3312 1023 3376 inter
1037 3308 1143 3373 filium
1157 3321 1335 3396 nepotemque

268 3411 357 3493 eius,
378 3439 518 3504 regnum
540 3417 606 3482 iarn
629 3417 722 3504 quasi
744 3414 865 3481 mortui
888 3406 1110 3492 vindicantes,
1136 3410 1258 3477 oritur:
1280 3401 1336 3472 oni-

239 3518 993 3608 bmmefflmnmmmnmmooewwm
1036 3508 1330 3604 anAmmm

270 3641 344 3686 curn
367 3623 475 3686 morbi
495 3645 575 3690 cura
595 3636 627 3689 et
649 3621 826 3710 aegritudo
847 3619 1022 3708 graviores
1043 3631 1164 3699 essent,
1187 3630 1220 3681 et
1240 3617 1337 3682 inlust

271 3725 413 3788 alterurn
435 3725 572 3792 alteriue
593 3730 682 3794 malo
704 3739 878 3804 cresceret,
900 3722 1085 3812 desperetis
1107 3722 1219 3802 rebus,
1240 3731 1336 3784 oront1

275 3847 369 3897 tuem
390 3825 586 3911 Texenam,
615 3830 813 3918 genitosque
835 3849 880 3893 ex
916 3849 957 3894 ea
994 3825 1337 3914 crescenteque

623 4007 694 4048 niv.
717 3999 806 4047 uror.
829 4003 951 4046 saner.

109 4159 112 4163 ·
171 4162 183 4208 2.-
269 4181 271 4184 ·
319 4155 397 4220 on.
419 4177 441 4220 ι.
476 4162 501 4248 p,
526 4161 575 4224 ιι.
622 4161 705 4241 (m
724 4135 969 4221 clamemur.

138 4251 143 4262 '
225 4281 236 4306 ι
316 4257 399 4322 θη.
423 4281 461 4320 ιι.
482 4261 506 4339 l.
548 4272 576 4326 t.
620 4263 771 4345 Principio
795 4261 936 4324 ndnennts
955 4259 1097 4340 opinione*
1113 4261 1175 4320 eius
1193 4277 1267 4318 conv·
