2702 4852
222 233 274 308 88
404 227 593 320 ruerru.
635 253 756 310 nter.
798 255 888 304 nro.
923 255 967 304 x.
1000 253 1097 328 cnr.
1126 251 1163 324 2,
1242 302 1244 310 t

141 492 143 496 ,
226 417 397 513 praesidio
417 407 511 496 tutus
531 413 633 482 etiam
653 411 817 506 aduersus
835 408 949 480 hostes
972 435 1047 480 esse
1070 395 1252 494 debuerat,
1279 433 1330 480 eo·

204 545 308 609 *rum*
330 519 465 587 insidiis
494 517 763 602 circumventus,
795 515 903 586 tutior
930 516 973 584 ab
1000 516 1175 614 hostibus,
1206 531 1331 604 quana

224 623 302 694 filiis
324 617 458 690 fuerit?
775 694 781 704 ,

200 738 213 793 t
315 723 407 790 Car.
427 749 467 794 ιι.
510 726 618 814 Causa
645 723 821 816 parricidii
849 723 1045 792 sceleratior
1063 721 1140 812 ipso
1162 721 1332 812 parricidio

196 828 307 900 2fuit..
354 829 478 900 Occiso
510 830 636 920 quippe
664 829 758 920 Cyro
784 828 936 896 fraterno
956 830 1080 918 hello„
1103 826 1198 894 cuius
1222 827 1337 892 mentio'

189 995 190 1008 ,
229 939 333 1022 supra
359 933 474 1000 hahita
500 949 567 1018 est,
600 933 783 1024 Aspasiam
806 933 962 1020 pellicem
988 919 1153 998 eius-rex
1173 931 1332 996 Artaxer-

197 1045 291 1100 3xes
326 1035 363 1102 ih
394 1037 647 1104 matrimonium
682 1051 868 1124 receperat.
927 1035 1025 1102 lianc
1059 1049 1194 1124 patrem
1230 1033 1331 1100 cedere

229 1138 314 1221 sihi,
350 1137 450 1206 sicuti
480 1163 637 1234 regnum,
669 1137 793 1205 Darius
828 1127 1080 1227 postulaverat:
1115 1135 1175 1228 qui
1207 1159 1271 1228 pro
1289 1137 1332 1202 in-

130 1224 157 1260 *
199 1241 487 1331 ddulgentiasua
508 1243 544 1308 in
566 1243 692 1310 liberos
714 1243 824 1332 primo
845 1244 1013 1312 facturum
1033 1265 1069 1308 se
1088 1241 1243 1308 dixerat:
1268 1263 1333 1305 mox

229 1345 440 1432 poenitentia
480 1346 618 1428 ductus,
661 1361 700 1416 ut
734 1347 875 1420 honeste
904 1359 1061 1436 negaret,
1105 1344 1198 1434 quod
1225 1358 1332 1410 temere

230 1439 449 1534 promiserat,
484 1448 574 1522 sotis
604 1473 678 1527 eam
706 1449 895 1518 sacerdotio
923 1447 1106 1538 praefecit,
1135 1470 1204 1536 quo
1225 1471 1334 1536 perpe-

201 1559 290 1617 5tua
323 1551 376 1622 illi
403 1551 445 1625 ab
475 1548 630 1622 omuibus
648 1551 743 1642 ¹viris
773 1553 938 1642 pudicitia
968 1552 1212 1640 imperabatpr.
1265 1552 1333 1618 Hinc

230 1655 452 1722 exacerbatus
474 1647 639 1739 iuvenis,
659 1655 697 1721 in
716 1655 827 1744 iurgia
846 1656 958 1744 primo
980 1655 1085 1744 patris
1108 1656 1243 1743 erupit:
1270 1679 1334 1722 mor

229 1755 320 1822 facta
341 1757 599 1834 cumfratribus
622 1759 872 1842 coniuratione,
905 1760 986 1826 dum
1013 1758 1267 1846 patri'iusidias
1285 1783 1335 1847 pa«

230 1873 300 1942 rat,
335 1857 604 1978 deprehensus
592 1885 668 1930 cum
690 1861 811 1946 sociis,
842 1883 970 1950 poenas
991 1861 1170 1950 parricidii
1189 1862 1267 1928 Diis
1286 1887 1334 1951 pa-

200 1969 349 2036 6terttae
390 1964 574 2036 maiestatis
615 1963 782 2066 ultoribus
825 1965 932 2039 dedit
1010 1966 1211 2056 Coniuges·
1202 1987 1334 2055 -quoque

231 2061 391 2132 omnium
416 2092 492 2134 cum
528 2069 664 2168 liberis,
698 2093 741 2140 ue
771 2069 863 2158 quod
891 2068 1074 2158 vestigium
1101 2069 1189 2136 tanti
1217 2070 1334 2138 sceleris

187 2177 403 2251 temtaret,
430 2171 640 2243 interiectae
703 2173 785 2244 Post
813 2173 896 2238 haec
916 2173 1139 2238 Artaxerxes
1165 2174 1286 2244 morbo
1303 2197 1335 2242 ex

231 2271 352 2345 dolore
374 2288 547 2346 contracto
570 2275 722 2359 decedit,
756 2299 821 2344 rex
844 2298 944 2364 quam
964 2288 1081 2365 pater
1082 2273 1229 2346 felicior

122 2451 125 2458 ι
175 2387 218 2476 ,1
318 2375 412 2448 Gar.
434 2402 487 2444 ιιι.
529 2379 711 2450 Hereditas
731 2379 828 2466 regni
851 2377 948 2444 Ocho
970 2373 1115 2458 tradita,
1151 2379 1209 2470 qui
1234 2379 1334 2446 timens

99 2495 100 2502 ’
176 2537 178 2547 ,
230 2501 348 2568 parem
370 2481 655 2565 cooperationem,
663 2482 805 2571 regiam
827 2494 1047 2582 cognatorum
1071 2483 1174 2550 caede
1195 2497 1230 2588 et
1245 2497 1335 2571 strage

216 2583 423 2676 principum
449 2588 575 2675 replet,
611 2588 703 2656 nulla
729 2609 799 2655 uon
827 2583 1015 2672 sanguinis,
1043 2607 1113 2658 non
1138 2592 1258 2670 sexus,
1284 2611 1336 2654 non

233 2689 372 2754 aetatis
389 2689 622 2763 misericordia
666 2704 857 2779 permotus,
906 2687 1034 2764 scilicet
1070 2713 1112 2760 ne
1142 2687 1336 2759 innocentior

200 2787 397 2859 2iratrihus
419 2793 598 2880 parricidis
618 2794 810 2861 haberetur.
851 2791 970 2882 Atque
990 2792 1040 2860 ita
1062 2789 1172 2878 veluti
1193 2792 1337 2882 purifica-

202 2901 271 2960 'eto
299 2918 422 2982 regnu,
451 2897 577 2965 bellum
610 2895 772 2962 Cadusiis
795 2894 910 2964 insert.
957 2891 997 2959 In
1027 2917 1068 2965 eo
1097 2917 1173 2968 cum
1193 2895 1337 2964 adversus

233 3013 493 3086 provocatorem
520 2999 671 3094 hostium
693 2999 931 3090 Codomnannus
961 2996 1099 3086 quidem
1128 2997 1278 3070 omnium
1295 2999 1338 3064 la-

232 3122 320 3170 vore
347 3102 586 3188 processisset,
622 3085 721 3176 hoste
752 3126 868 3198 caeso,
906 3101 1087 3176 victoriam
1121 3103 1190 3174 suis
1219 3103 1338 3193 pariter,

204 3207 268 3276 det
297 3226 405 3292 prope
441 3206 598 3276 amissam
632 3206 777 3296 gloriam
804 3205 964 3275 restituit.
1029 3205 1086 3272 Oh
1107 3207 1201 3284 haec
1236 3209 1339 3277 decora

204 3306 328 3378 5idern
339 3307 592 3398 Codomannus
620 3307 815 3416 praeficitur
842 3308 1030 3380 Armeniis.
1088 3304 1270 3410 Interiecto
1290 3312 1340 3377 de-

146 3484 149 3492 ,
213 3408 315 3476 inde
349 3423 519 3500 tempore,
569 3428 668 3502 post
687 3411 829 3513 mortem
859 3411 947 3480 Ochi
974 3413 1083 3501 regis,
1121 3415 1166 3482 01)
1193 3412 1340 3482 memori

237 3537 301 3588 em,
318 3514 483 3608 pristinae
509 3518 663 3600 virtutis,
694 3542 762 3588 rex
788 3541 808 3582 a
835 3519 965 3608 populo
994 3515 1225 3600 constituitur,
1261 3513 1341 3588 Darii

237 3617 390 3718 nomine,
429 3643 473 3691 ne
502 3621 583 3710 qnid
612 3622 725 3710 regiae
754 3621 923 3689 maiestati
958 3617 1106 3701 deesset,
1150 3619 1341 3700 honoratus;

14 3749 17 3764 ·
109 3711 146 3744 ”
207 3721 432 3810 obellurnque
453 3745 529 3790 cum
547 3725 751 3816 Alexandro
776 3725 922 3812 Magno,
948 3723 1006 3794 diu
1028 3723 1183 3796 variante
1210 3723 1341 3804 fortuna

208 3836 372 3912 imagua
385 3821 514 3894 virtute
536 3829 649 3916 gessit.
712 3829 889 3895 Postremo
925 3827 1037 3894 victus
1073 3827 1116 3891 ab
1144 3827 1342 3904 Alexandro,

241 3942 276 3995 et
320 3952 344 3996 a
377 3929 530 4018 cognatis
563 3931 719 4016 occisus,
760 3931 869 4030 ritem*
903 3929 1033 4022 pariter·
1073 3952 1149 3999 curn
1175 3931 1343 3998 Persarum

239 4053 346 4124 reguo
370 4031 493 4105 finivit

834 4171 840 4186 t
899 4184 901 4189 .

591 4215 896 4244 και-ῃ...-
