2708 4858
225 306 299 376 tue
382 357 384 370 .
603 317 987 374 auersus.

195 574 197 584 Ι
232 481 397 552 matronis
423 495 627 574 potestatem
648 482 761 565 dedit3
800 483 957 574 diemque
976 479 1198 574 profectionis
1223 483 1324 546 statuit.

203 590 332 667 llllae,
351 587 447 676 quasi
466 587 503 654 in
523 598 723 677 perpetuum
746 611 822 654 cum
848 587 931 652 uiris
960 589 1190 664 exsulatur-ae,
1219 584 1326 672 pretio-

234 691 365 762 sissima
394 699 556 779 quaeqoe‘
582 690 793 770 auferentes,
828 713 902 756 oum
930 689 974 756 ad
1002 703 1133 778 portam
1162 688 1257 774 quasi
1279 712 1326 752 unc

233 795 368 886 agmine
386 793 603 883 profecturae
623 794 872 876 convenissent,
888 793 1045 860 omnibus
1067 793 1169 856 rebus
1184 791 1327 878 exspolia-

233 915 306 980 tae,
340 898 377 962 in
404 919 575 983 carcerem
603 897 841 992 recluduntur3
877 895 997 963 occisis
1030 894 1124 982 prins
1155 894 1189 958 in
1225 896 1326 981 grenio

233 1016 378 1069 matrum
399 1001 552 1090 parvulis
573 987 711 1082 liberis,
733 999 993 1088 virginibusque
1018 999 1060 1062 ad
1079 1013 1232 1085 stuprum
1254 998 1323 1062 dire-

206 1105 315 1196 ¹Optis.
357 1103 418 1170 Ad
440 1119 507 1170 tarn
523 1127 659 1170 saevam
680 1103 944 1169 dominationem
961 1095 1174 1189 stupentibus
1190 1101 1325 1180 omnibus,

234 1209 391 1299 princeps
418 1227 536 1273 eorum
566 1206 779 1286 Hellanicus,
811 1230 917 1272 senex
945 1221 979 1272 et
1014 1205 1133 1270 liberis
1169 1206 1280 1280 orbus,
1303 1217 1325 1266 ut

234 1311 293 1399 qui
326 1334 389 1376 nec
419 1311 536 1375 aetatis
566 1331 629 1375 nec
656 1308 810 1398 pignoris
839 1323 995 1396 respectu
1031 1307 1186 1389 timeret,
1220 1321 1326 1372 contra-

235 1427 306 1480 ctos
341 1414 479 1480 domum
513 1411 696 1478 fidissimos
726 1413 910 1480 amicorum
941 1412 977 1476 in
1006 1411 1197 1478 vindictam
1229 1410 1325 1497 patriae

204 1519 399 1586 libertatem.
444 1516 690 1582 Cunctantibus
714 1515 850 1603 privato
878 1514 1030 1606 periculo
1052 1497 1225 1603 publicum
1250 1512 1325 1591 linire,

235 1634 269 1688 et
304 1618 516 1688 deliberandi
550 1618 695 1704 spatium
732 1619 997 1706 postulantibus,
1029 1617 1212 1684 *arcessitis
1246 1616 1324 1681 seriis

236 1723 329 1790 iubet
357 1721 510 1789 obserari
538 1719 650 1801 sores,
685 1733 901 1810 tyrannoque
922 1721 1088 1808 nomiari,
1115 1725 1268 1784 mitteret
1286 1721 1326 1806 qui

237 1831 445 1892 coniuratos
460 1824 561 1912 apud
580 1847 618 1889 se
640 1821 981 1912 comprehenderem
1004 1824 1178 1890 obiectans
1207 1823 1325 1911 singulis,

234 1953 291 2002 se,
324 1934 413 2018 quia
448 1928 664 1994 liberandae
692 1931 839 2015 patriae
868 1945 999 1992 auctor
1027 1949 1098 1992 esse
1127 1951 1203 1991 noa
1233 1929 1345 2014 possin

187 2045 226 2102 to
239 2035 405 2104 desertae
431 2035 586 2098 ultorem
603 2031 784 2120 futurum.
821 2029 928 2097 xTunc
957 2029 1007 2097 illi
1038 2029 1181 2118 ancipiti
1208 2029 1345 2124 periculcp

128 2213 129 2216 Ἴ
235 2137 475 2218 circumventi,
504 2135 733 2202 honestiorem
761 2134 853 2201 viam
890 2135 1070 2224 eligentes,
1107 2130 1324 2198 coniurantis

236 2240 375 2330 tyranni
397 2261 528 2305 necem:
571 2253 671 2328 atque
692 2238 740 2304 ita
762 2238 1007 2318 Aristotimus,
1030 2238 1152 2327 quinto
1183 2251 1324 2325 postquam

192 2387 197 2394 ·
236 2342 451 2435 tyrannidem
473 2355 698 2429 occupaverat
719 2355 851 2436 mense,
875 2341 1087 2430 opprimitur.

210 2456 225 2512 t
325 2445 478 2512 Canai.
521 2443 653 2512 Interea
672 2447 877 2533 'Antigonus
907 2469 982 2511 cum
1012 2443 1195 2534 multiplici
1214 2444 1323 2508 belloet

237 2549 422 2620 Ptolemaei
444 2549 553 2638 regis,
575 2563 608 2614 et
631 2549 891 2638 Spartanorum,
913 2563 1143 2638 premeretur;
1186 2565 1322 2632 novusque

175 2691 178 2697 ·
236 2653 288 2720 illi
316 2653 423 2719 bostis
445 2651 701 2742 Gallograeciae
729 2653 899 2719 exercitus
921 2652 1193 2744 adfluxisset,flin
1216 2649 1323 2737 speciem

239 2771 425 2822 castrorum
448 2779 551 2843 parva
577 2777 674 2820 anana
688 2757 863 2822 adversus
885 2769 1015 2822 ceteros
1037 2756 1176 2836 relicta,
1199 2755 1322 2820 adversus

208 2860 358 2930 2Gall0s
379 2859 462 2924 totis
485 2857 615 2923 viribus
636 2859 871 2946 proficiscitur.
916 2859 1047 2942 Quibus
1070 2859 1233 2946 cognitis,
1262 2852 1323 2920 Galli

240 2988 314 3032 carin
338 2977 372 3027 et
395 2961 462 3050 ipsi
484 2985 519 3026 se
542 2961 671 3050 praelio
693 2947 871 3051 pararent,
890 2962 925 3028 in
950 2963 1096 3050 auspicia
1129 2985 1255 3052 pugnae
1279 2959 1322 3022 bo-

241 3069 323 3156 stias
344 3068 504 3132 caedunt:
540 3087 679 3154 quarum
703 3067 792 3132 extis
822 3089 897 3132 curn
919 3091 1041 3156 magna
1071 3067 1210 3148 caedes,
1235 3060 1323 3129 interi·

240 3186 360 3258 tueque
388 3169 536 3236 omnium
566 3169 837 3257 praediceretur,
867 3191 934 3236 non
963 3171 1000 3237 in
1028 3159 1208 3252 timorem,
1236 3166 1282 3234 sed
1301 3165 1323 3228 ic

240 3274 390 3342 furorem
408 3271 516 3354 versi,
535 3278 778 3360 sperantesque
800 3273 951 3370 Deorum
975 3272 1080 3340 minas
1103 3272 1237 3362 expiari
1253 3267 1323 3337 caede

242 3400 379 3444 suorum
400 3397 509 3463 posse,
526 3376 687 3460 coniuges
710 3392 743 3442 et
765 3377 892 3444 liberos
916 3394 995 3444 tuos
1012 3378 1196 3456 trucidant,
1212 3370 1343 3478 au'spiciap

214 3479 326 3547 abetti
349 3501 368 3543 a
389 3479 576 3566 parricidio
598 3479 808 3567 incipientes.
852 3481 885 3548 T
888 3495 965 3547 anta
987 3481 1098 3546 rabies
1118 3480 1210 3546 feros
1231 3477 1322 3544 sumn

220 3583 432 3674 invaserat,
453 3596 490 3648 ut
511 3605 580 3649 non
603 3598 778 3671 parcerent
800 3585 918 3661 aetati,
948 3583 1002 3652 cui
1025 3583 1126 3652 etiam
1154 3583 1261 3650 hostes
1281 3599 1322 3667 pt·

243 3685 446 3778 perdocent,
481 3687 672 3776 bellumque
698 3687 945 3756 internecivum
973 3711 1049 3756 cum
1082 3687 1202 3754 liberis
1226 3684 1320 3751 libere

244 3811 388 3878 rumque
414 3789 577 3856 matribus
609 3807 783 3879 gererent,
812 3813 875 3878 pro
897 3791 1021 3881 quibua
1041 3793 1131 3858 bella
1153 3787 1269 3876 suscipi
1284 3803 1323 3848 so*

39 3939 44 3946 =
131 3879 149 3910 χ’
214 3895 326 3962 llent.
366 3893 483 3980 ltaque
511 3893 606 3982 quasi
634 3899 760 3964 scelere
787 3895 894 3962 vitam
921 3893 1168 3982 victoriamque
1194 3885 1323 3960 redemit-

176 3997 179 4011 '
247 3997 338 4080 sent,
366 3993 452 4063 sicut
479 4011 576 4064 erant
602 3995 736 4066 cruenti
767 4023 813 4066 ex
847 3997 976 4066 recenti
1004 4019 1142 4064 suorum
1170 3994 1277 4074 caede,
1301 3986 1342 4076 lt¹

245 4100 412 4190 praelium
431 4121 499 4168 non
519 4100 658 4170 meliore
682 4118 816 4184 eventu,
830 4125 930 4193 quam
944 4101 1065 4170 omine
1085 4100 1322 4193 proficiscuntur:
1341 4115 1342 4162 t

104 4257 108 4278 ,
170 4251 173 4266 .
217 4203 416 4292 §siquidem
448 4189 654 4293 pugnantes,
691 4203 785 4294 prius
811 4205 1073 4296 parricidiorum
1094 4203 1223 4285 dorma,
1252 4214 1322 4287 quw

249 4307 365 4374 hostes
383 4305 653 4392 circumventum
674 4309 1000 4403 obversantibuuque
1019 4323 1097 4395 ante
1113 4309 1224 4396 oeulos
1240 4297 1321 4370 mni*
