2786 4856
131 3 139 11 '
211 3 214 13 '
237 7 243 32 ἱ

146 95 236 161 ,ι

226 295 419 355 meson.
446 271 753 384 mesxxxgiu,
779 301 881 355 ose.
910 301 991 376 ιφ
1064 267 1146 353 ete

13 463 137 551 ipsam
157 465 307 531 Italiam
328 463 459 532 audire
478 487 516 532 se
536 485 753 554 numquam,
779 480 823 530 ut
842 463 958 533 Roma'
987 463 1137 534 condita

10 570 82 650 sit,
118 573 206 635 satis
227 573 284 635 illi
304 583 500 660 pacatam,
538 569 603 636 sed
622 567 775 634 adsidue
793 592 860 658 per
883 575 1002 642 omnes
1024 593 1138 638 annos

9 690 85 754 pro
118 673 289 740 libertate
317 673 428 742 alios,
455 672 641 760 ηιιοιΙΙιιιιι
672 677 781 737 etiam
806 694 873 760 pro
895 676 976 736 iure
996 677 1139 762 imperii

11 772 121 839 hellis
154 779 333 851 continuis
356 767 624 876 perseuerasse:
665 792 700 840 et
729 797 752 839 a
783 777 901 839 multis
929 775 1135 842 ciuitatibus
1150 787 1189 846 12

10 874 112 940 Ital·
83 879 159 942 liae
194 876 331 944 deletos
365 878 611 946 Romanarum
638 879 816 946 exercitus
832 876 1031 998 ferma
1060 873 1140 970 qui-

4 975 172 1044 busdam
210 1005 305 1046 nouo
318 983 589 1048 contumeliae
626 1002 727 1047 more
756 981 819 1047 sub
854 983 991 1070 iugum
1010 987 1140 1052 missos

7 1077 79 1144 Ae
109 1104 156 1147 ne
189 1085 363 1150 veteribus
390 1089 600 1170 immoretur
629 1087 819 1170 exemplis,
844 1085 913 1150 boc
941 1089 1015 1172 ipso
1045 1097 1191 1153 tem-{3

4 1203 112 1269 ‘pore
140 1189 342 1254 uniuersam
377 1189 648 1254 Italiam‘bello
675 1187 833 1252 Marsico
867 1193 1140 1258 consurrexisse,

8 1307 96 1350 non
119 1291 192 1380 iam
215 1291 440 1369 libertatem,
471 1289 535 1356 sed
562 1294 779 1373 consortium
800 1285 942 1377 imperii
961 1294 1142 1356 civitatis-

11 1409 94 1474 que
123 1371 472 1478 pascentemsstec
506 1397 653 1481 grauius
695 1396 816 1456 vicino
857 1393 994 1456 Italiae
1030 1393 1194 1466 bello,14

12 1513 132 1578 qztam
163 1494 364 1560 domesticis
384 1499 587 1584 principum
606 1493 838 1584 factionibus
865 1495 986 1559 urbem
1012 1503 1142 1584 premi,

14 1597 212 1682 niultoque
232 1599 467 1685 periculosius
495 1599 677 1661 accessisse
708 1595 838 1659 Italico
868 1600 976 1662 ciuile
998 1601 1142 1668 bellum.

13 1697 230 1764 Simulata
250 1699 447 1764 Germania
467 1697 637 1766 Cimbros,
655 1701 826 1762 immensa
840 1701 955 1764 millia
967 1700 1140 1792 ferorum
1156 1714 1194 1776 15
1208 1743 1223 1754 =
1257 1712 1262 1726 ‘
1328 1706 1332 1715 ¹

15 1818 137 1888 atque
157 1805 345 1866 immitium
366 1803 597 1892 populorum,
614 1824 713 1865 more
733 1803 933 1888 procellae,
950 1805 1142 1875 inundasse

12 1899 192 2004 Italiame
236 1927 388 1994 quorum
415 1907 558 1968 tametsi
575 1903 727 2006 ‘singula
756 1903 854 1967 bella
873 1910 1046 1982 sustinere
1064 1907 1141 1974 Ro·
1155 1921 1194 1977 16

15 2010 125 2070 mani
141 2026 300 2095 possent,
325 2011 497 2072 universis
518 2024 640 2071 tamea
663 2007 875 2085 obruantur,
899 2025 940 2071 ut
959 2029 1006 2073 ne
1025 2033 1143 2077 uaea-

16 2123 125 2174 turos
147 2110 294 2200 quidem
319 2111 414 2176 bello
437 2133 500 2176 suo
522 2127 635 2196 putet.

110 2211 204 2280 (lte.
228 2239 262 2282 ι.
308 2212 490 2280 Utendum
512 2216 624 2301 igitur
654 2217 860 2296 occasione,
902 2233 937 2282 et
963 2221 1172 2308 rapienda!

17 2319 249 2383 incrementa
277 2322 429 2388 virium,
461 2339 528 2386 ne,
565 2321 595 2382 si
618 2319 689 2384 illis
720 2322 904 2407 occupatis
926 2327 1144 2409 quieverint,

19 2437 114 2486 nrosc
141 2421 311 2487 aduersus
340 2443 476 2485 vacuos
507 2435 543 2484 et
565 2425 704 2508 quietos
735 2426 849 2486 maius
868 2430 1051 2510 negotium
1072 2429 1147 2494 lto·
1254 2499 1263 2508 ,

20 2525 148 2589 beant.
191 2523 278 2591 Non
312 2529 417 2591 enim·
441 2528 590 2612 quaeri,
616 2537 677 2589 'an
715 2523 896 2608 capienda
925 2532 996 2592 sint
1027 2547 1177 2604 armu,2
1260 2549 1263 2558 “

17 2627 90 2692 sed
112 2627 230 2704 utrum
251 2649 316 2694 sua
339 2632 459 2716 potius
476 2630 674 2707 occasione,
692 2647 741 2688 an
761 2627 918 2716 illorum.
947 2629 1044 2695 Nam
1067 2638 1173 2702 bela
1213 2643 1215 2650 '

21 2733 102 2794 lum
132 2731 298 2818 equidem
329 2737 402 2797 iam
431 2749 517 2794 tunc
543 2751 660 2793 secum
689 2728 734 2792 ab
762 2729 834 2792 illis
857 2735 938 2818 geri
965 2725 1144 2820 coeptum,
1220 2739 1222 2750 ’

22 2856 109 2898 cum
129 2836 196 2898 sibi
215 2837 356 2921 pupillo
380 2837 553 2898 maiorem
575 2825 772 2918 Plu'ygiam
795 2831 1010 2918 ademerint,
1036 2863 1145 2925 quam

22 2941 131 3023 patri
148 2959 213 3004 suo
234 2941 434 3026 praemium
458 2935 539 3001 dati
562 2933 731 2999 aduersus
751 2935 993 3002 Aristonicum
1014 2947 1147 3021 auxilii

23 3057 297 3112 concesserant,
319 3059 462 3130 gentem
486 3061 595 3128 quam
621 3033 818 3127 et'proauo
848 3063 911 3105 suo
933 3041 1147 3114 Mithridati

22 3148 198 3212 Seleucus
227 3141 424 3210 Callinicus
460 3147 499 3208 in
530 3141 655 3236 dotem
691 3142 853 3210 dedisset.
907 3147 1022 3234 Quid,
1066 3159 1177 3219 cumi
1233 3193 1236 3205 .

22 3248 292 3336 Paphlagonia
312 3266 351 3312 s'e
373 3245 582 3312 decedere
569 3250 749 3328 iusserint,
775 3269 849 3311 non
870 3249 1096 3319 alterumll
1051 3279 1065 3318 ι
1068 3239 1147 3323 ΙΙὶιιΙ

22 3374 142 3444 genus
162 3353 248 3416 belz
258 3349 406 3442 suissed
443 3371 539 3440 quae
560 3373 634 3414 non
653 3353 702 3430 ui,
724 3373 797 3414 non
822 3355 945 3434 armis,
964 3355 1038 3419 sed
1050 3359 1164 3424 ado-

23 3461 159 3547 ptione
194 3459 417 3525 testamenti,
456 3471 491 3518 et
524 3475 647 3542 regum
664 3452 976 3518 ''domesticorum
982 3462 1146 3535 interitu,

25 3559 259 3644 hereditaria
286 3563 387 3646 patri
407 3581 469 3622 suo
493 3558 710 3621 obuenisset:
748 3581 826 3622 cum
849 3540 944 3624 inter
965 3559 1067 3628 lianc
1083 3565 1143 3632 cle·
1158 3577 1177 3638 5
1274 3639 1276 3643 ,

27 3679 213 3733 cretarum
243 3661 523 3727 amaritudinem
550 3659 716 3746 parendo
747 3657 970 3756 nontamen
995 3690 1053 3732 eos
1078 3677 1150 3736 mi-

28 3769 176 3856 tigarit,
201 3770 287 3854 quin
311 3767 472 3831 acerbius
496 3785 534 3830 se
554 3766 591 3827 in
616 3761 691 3828 dies
711 3769 855 3850 gerant,
878 3752 952 3834 non
974 3771 1150 3840 obtinuis-

26 3894 81 3938 se.
108 3867 237 4012 Quod
258 3872 360 3936 enim
389 3892 413 3934 a
431 3892 469 3936 se
494 3889 568 3934 non
592 3868 806 3980 praebitum
817 3871 889 3939 illis
911 3873 1180 3964 obsequiumr’s

472 4047 545 4091 ΗΠ
566 4047 656 4089 uc's.
672 4047 801 4092 cnm

77 4203 166 4270 οη..
180 4225 229 4270 ιγ.
251 4203 279 4288 ᾗ.
302 4204 353 4266 14.
392 4199 588 4286 periculosius
609 4225 692 4264 esse
715 4195 837 4264 Italico
845 4202 1088 4274 οιυΙΙι“6ιΙΙιιιιι.’

78 4308 160 4374 cn.
196 4330 231 4373 v.
253 4306 279 4388 b.
322 4315 355 4370 ⁴.
393 4305 532 4369 decedere
550 4307 762 4383 iusserunt,
785 4332 843 4370 non
865 4308 1000 4374 alterum.
1156 4299 1158 4306 ¹
1248 4293 1250 4305 ¹
