2740 4854
190 295 244 341 nn
268 274 567 346 nnocrromr.
593 293 748 346 scara.
774 295 828 346 cn
852 293 978 346 incr.
1079 323 1084 338 i
1113 295 1187 350 xcv

27 459 87 528 ritas
115 455 190 539 init,
226 457 274 522 'nt
309 445 435 524 Fabius
472 477 607 556 quoqne
641 455 756 524 Pictor
794 479 871 524 eum
908 443 1041 524 secutus
1076 456 1120 524 sit
1138 457 1209 546 *).*

27 547 98 610 Hunc
116 547 216 609 autem
239 543 273 606 in
296 545 397 608 rebus
419 539 562 610 Romam
611 557 686 608 ante
715 545 831 608 oculos
853 544 1008 610 habuisse
1030 541 1187 632 Trogum

26 635 100 720 piane
124 627 265 693 dubitari
295 627 427 718 nequit,
463 628 492 693 si
519 653 562 719 qu
633 629 777 696 lustinus
801 628 858 692 iib.
883 627 991 706 xLfl,
1020 642 1050 695 2.
1071 632 1186 716 habet,

27 740 78 782 cum
99 712 135 780 iis
157 714 360 791 contuleris,
389 737 474 802 quae
502 738 548 783 ex
576 736 616 780 eo
645 713 794 778 servavit
823 715 1018 794 Plutarchns
1045 715 1081 782 in
1109 715 1188 784 Ro-

25 804 98 870 mulo.
145 799 282 866 Vixisse
312 800 399 864 hunc
431 799 584 866 Dioclem
613 801 793 890 probabile
823 799 901 866 serit
937 794 1080 884 Vossius
1104 801 1188 871 belli

24 885 202 953 Hannibalici
222 897 374 973 tempore
390 887 468 986 Μἢ,
495 889 615 952 verum
635 909 717 952 num
749 885 785 952 in
807 909 912 975 opere
932 907 993 952 suo
1015 889 1085 952 sola
1107 900 1188 956 tan-

24 987 74 1038 tum
94 972 478 1050 Romanatrnctaverit,
515 995 557 1036 an
593 972 731 1037 omnino
759 973 892 1055 Italica,
927 971 1094 1038 incertum
1125 987 1188 1060 est,
1233 1005 1239 1028 κ

25 1083 76 1124 cnm
93 1081 129 1122 ne
150 1058 264 1122 titulus
279 1057 420 1155 ‘quidem
440 1056 521 1122 libri
541 1071 695 1123 servatus
717 1057 771 1122 sit.
815 1061 977 1124 Attamen
993 1057 1190 1126 Massilien-

24 1145 85 1209 sium
102 1163 228 1230 quoqpe
258 1142 407 1228 origines
431 1165 476 1227 ep
505 1145 624 1209 eodem
648 1143 814 1230 scriptore
842 1143 1004 1232 repetitas
1026 1167 1117 1226 esse,
1132 1145 1189 1226 si,

24 1253 94 1316 quam
114 1243 200 1294 arcte
230 1228 272 1292 de
293 1228 336 1292 iis
358 1229 510 1314 narratio
541 1229 629 1315 apud
658 1227 822 1294 lustinum
852 1251 926 1294 curn
957 1229 1189 1298 Romanorum

22 1315 133 1379 historia
155 1312 329 1378 coniuncta
352 1313 414 1396 sit,
436 1313 655 1400 perspexeris
672 1313 770 1397 W),
806 1315 986 1383 admodum
1007 1315 1188 1404 probabile

23 1398 489 1486 es13quamquemsisuerint,
523 1399 581 1488 qui
610 1400 653 1464 ad
680 1398 861 1464 Timacum
886 1399 999 1489 potins
1021 1402 1105 1466 hacc
1125 1423 1189 1469 ns·-

21 1485 126 1550 ierenda
148 1508 220 1548 esse
242 1486 459 1558 contendant,
480 1507 548 1552 non
571 1485 791 1552 adversabor.
1202 1501 1207 1516 ¹

80 1569 171 1653 Quod
193 1569 402 1658 denique-nd
425 1571 624 1658 Hispanico
653 1571 788 1651 attinet,
827 1593 913 1658 quae
943 1573 1069 1638 ultimo
1093 1573 1186 1638 libro

22 1657 220 1734 continentur,
247 1679 296 1720 -ea
320 1677 454 1743 quoqne
484 1679 529 1720 ex
552 1655 685 1724 Graeco
714 1656 880 1742 scriptore
903 1657 1079 1746 depromta
1102 1681 1187 1743 esse,

21 1741 178 1806 ex'sabulis
201 1740 341 1806 Graecis
363 1742 405 1806 de
426 1736 588 1822 Hercule,
619 1740 689 1808 Ger
717 1764 782 1806 one
812 1755 845 1806 et
879 1739 972 1822 aliis,
1009 1765 1091 1832 quas
1115 1743 1199 1809 im*

19 1828 116 1907 miscet,
139 1829 343 1908 clarumtest.
361 1842 364 1854 '
378 1827 544 1892 Diversus
560 1841 670 1892 autem
685 1766 791 1892 iitisse
805 1827 944 1892 videtur
958 1843 991 1897 et
1010 1827 1189 1908 aTimneo

15 1927 42 1975 et
57 1937 71 1976 a
89 1911 219 1994 Diocle3
279 1911 456 1978 os'terioris
481 1912 571 1978 enim
594 1913 712 1978 aetatis
744 1911 945 2000 scriptorem
973 1935 1049 1980 enm
1070 1911 1188 1998 fuisse,

19 2021 49 2062 ex
69 1999 105 2063 iis
131 2021 216 2085 quae
246 1936 289 2062 de
316 1997 477 2065 Viriatho
505 2011 829 2076 commemorantur,
867 2009 970 2085 patet.
1027 1998 1114 2064 Orta
1136 2013 1190 2066 est
1255 2075 1258 2084 ¹

18 2083 183 2170 inde-apud
210 2107 265 2148 me
293 2083 463 2170 suspicio‚'
495 2083 731 2150 Posidonium
759 2083 847 2149 hunc
875 2081 997 2161 inisse:
1033 2083 1190 2152 incidunt
1270 2140 1271 2150 ,

19 2169 81 2232 enirn
95 2170 178 2233 bella
195 2167 387 2234 Lusitanica
402 2169 439 2234 in
460 2193 499 2236 ea
511 2163 682 2256 tempora,
711 2192 798 2257 quae
812 2168 870 2234 itte
885 2168 1106 2235 describenda
1122 2167 1190 2238 sibi
1227 2184 1229 2198 ⁴

20 2267 163 2334 sumserat}
185 2254 324 2320 omnino
342 2269 537 2322 autemeam
553 2278 668 2320 rerum
679 2253 938 2320 occidentalium
951 2275 1020 2320 non
1031 2255 1190 2342 ignarum
1228 2313 1231 2322 .
1249 2293 1251 2300 >

19 2338 103 2421 icisse,
124 2339 205 2404 satis
219 2354 312 2427 patet
328 2363 373 2405 ex
388 2340 442 2421 iis,
460 2360 551 2430 'quae
567 2363 613 2406 ex
628 2361 730 2430 opere
752 2339 824 2406 eius
847 2340 889 2404 da
910 2339 1048 2408 Oceano
1064 2339 1189 2408 strabo
1241 2380 1243 2388 ,

19 2426 109 2512 passim
130 2423 320 2512 descripsit.
362 2425 492 2492 Verum
515 2428 557 2493 de
578 2427 643 2491 hoc
665 2426 807 2492 aliorum
828 2439 901 2490 esto
916 2422 1092 2504 indicium',
1113 2447 1190 2493 cum

18 2514 144 2576 nonnulla
167 2511 344 2598 ignorare,
367 2535 465 2599 quam
488 2512 617 2578 incerta
639 2534 704 2600 pro
726 2513 828 2577 certis
851 2512 909 2576 rol
931 2510 1015 2575 falsa
1034 2533 1098 2600 pro
1120 2533 1190 2577 ve-
1233 2508 1237 2520 ’

18 2595 49 2660 ris
64 2597 249 2678 venditare,
269 2597 392 2662 melius
412 2598 497 2674 mihi
517 2596 647 2684 videri,
676 2597 751 2690 ipse
779 2595 905 2664 iamin
926 2594 1040 2664 fronte
1065 2595 1211 2686 dispu-·

17 2682 122 2750 tationis
142 2683 316 2774 professus
338 2682 411 2756 sim.
631 2701 635 2710 ·

76 2980 164 3064 Quae
185 2982 346 3048 hactenus
368 2979 556 3069 disputavi,
591 2979 743 3048 sufficere
817 2976 1020 3070 odammodo
1043 2979 1194 3052 arbitror
1297 3023 1302 3031 ·

17 3063 45 3130 nd
60 3069 171 3134 certius
193 3092 231 3134 ac
253 3067 382 3156 firmitas
402 3066 566 3134 iudicium
585 3069 628 3134 de
650 3080 754 3158 opere
767 3003 879 3153 ἑ1ξοἕὶ
894 3056 1050 3152 Pompeii
1070 3065 1193 3140 feren-e
1254 3127 1257 3132 .

17 3149 81 3216 dum.
120 3152 221 3238 Quod
256 3153 344 3218 enim
372 3153 490 3241 primo
520 3155 563 3220 ad
589 3151 856 3219 fontes'attinet
885 3147 1007 3236 quibus
1028 3175 1109 3218 usus
1131 3168 1193 3244 est,
1244 3153 1247 3160 ’

18 3239 141 3321 quamvis
161 3240 236 3328 ipse
248 3237 421 3306 Romanus
445 3255 543 3322 esset,
567 3239 668 3306 unice
683 3251 796 3304 tamen
815 3257 874 3303 eos
894 3233 1056 3326 Graecos
1076 3236 1194 3324 fuisse,

17 3320 148 3408 vidimus,
183 3325 221 3390 in
250 3346 318 3412 quo
339 3323 502 3392 iudicium
525 3322 692 3406 hominis,
715 3346 791 3390 cum
812 3344 881 3388 non
904 3317 1112 3406 Romanam,
1134 3327 1199 3396 sed

18 3403 150 3474 Graecam
177 3409 292 3499 potius
324 3433 384 3476 seu
412 3409 668 3478 Macedonicam
696 3407 873 3476 historiam
902 3405 1049 3474 condere
1078 3413 1195 3500 vellet,

17 3488 88 3558 facile
106 3495 280 3584 probabis.
323 3491 498 3562 Romanos
549 3497 664 3564 uidem
690 3494 873 3584 scriptores
902 3514 980 3558 eum
1001 3515 1070 3560 non
1090 3495 1197 3584 igno-
1251 3533 1254 3547 =

16 3595 81 3644 rasse
109 3606 154 3648 ex
185 3603 228 3649 eo
256 3594 366 3670 patet,
408 3583 500 3670 quod
525 3521 674 3652 iunium
706 3580 854 3648 Livium·
875 3577 918 3644 ab
944 3599 986 3644 eo
1015 3593 1050 3645 et
1078 3581 1196 3650 Sallu·

17 3661 88 3730 stium
108 3671 333 3753 reprehensoi
356 3665 459 3750 ait†)‚
481 3669 573 3758 quod
594 3667 765 3735 orationes
786 3687 855 3732 non
877 3663 1032 3756 obliquas
1053 3665 1114 3731 sed
1134 3691 1197 3736 re·-
1222 3732 1223 3739 ,
1297 3700 1299 3704 ’

17 3761 62 3814 ctas
81 3753 225 3822 historiis
248 3753 317 3820 suis
339 3753 560 3829 intexuerim.
600 3755 659 3822 Ex
681 3751 821 3820 Graecis
841 3769 946 3840 porro
969 3749 1195 3840 scriptoribus

43 4001 64 4088 *)
83 3994 199 4068 Plani.
221 4028 253 4076 co,
269 4029 342 4088 pag.
368 4010 418 4070 19.

43 4107 76 4185 *ἢ
99 4111 222 4198 Vossius
243 4106 266 4172 l.
288 4135 314 4173 c.
333 4135 406 4193 pag.
430 4115 505 4176 3533

43 4211 85 4293 m)
113 4215 146 4274 V
144 4215 191 4275 ide
210 4213 316 4296 Idstin.
339 4212 469 4298 XLIII,
493 4223 526 4280 8·

40 4315 72 4398 a)
94 4317 191 4411 nasa.
213 4317 416 4394 xxanr,
438 4327 471 4381 s.
501 4351 503 4355 ψ
