2740 4854
252 287 400 339 'raons
438 289 581 343 sons.
602 273 879 350 sinuessanus
902 239 1004 336 ures
1178 285 1215 333 cs

85 447 183 528 irasci
198 447 238 518 in
259 453 354 534 alto,
375 451 466 520 uude
486 453 617 520 ablatae
631 450 706 517 'siut
733 435 907 540 spongiae.
957 449 1059 517 Idem
1082 447 1217 534 XXXI.
1257 427 1260 440 ’

92 553 219 608 escen·
554 554 558 560 ’
793 587 795 596 .
875 577 877 584 1
1204 567 1211 574 ·

12 685 55 741 tl.
81 675 160 743 sed«
178 669 211 742 el
233 673 434 778 Valgius'et
448 651 605 760 Verrius,
628 693 662 746 et
683 650 822 768 Trogus
845 679 887 750 de
910 635 1136 777 animalibusi
1151 679 1217 744 hae

86 763 269 828 resllacre
288 765 497 844 dicuntur*);
523 781 557 830 at
580 767 788 831 consuetudo
809 779 920 832 tamen
942 763 1035 833 ahud
1055 764 1218 856 sequitur.

90 850 284 948 Charisius
299 849 359 914 lib.
380 851 409 912 I.
432 857 594 938 pug.·79.
620 851 673 916 ed.
695 849 841 916 Putsch.
1209 871 1211 876 ·

13 999 58 1055 12.
89 989 147 1057 tte
179 992 296 1056 contra
325 989 476 1071 dicente,
520 989 688 1056 nemiuem
727 991 948 1078 scriptorum,
985 1008 1146 1080 quantum
1175 975 1219 1062 ad

88 1075 268 1140 historiam
293 1075 453 1164 pertinet.
491 1097 559 1140 uon
583 1075 709 1164 aliquid
734 1101 807 1142 esse
830 1077 1022 1144 mentiturus
1051 1081 1220 1166 pro'dente

119 1162 327 1239 nicetium,
364 1160 401 1225 iu
425 1181 493 1248 quo
513 1159 651 1237 Liuius,
688 1163 823 1249 inquo
852 1161 1050 1240 Sallustius,
1087 1165 1124 1233 in
1152 1186 1220 1251 quo

92 1185 196 1312 zoro.
220 1245 381 1324 Tacitus,
404 1246 440 1310 iu
463 1267 532 1335 quo
552 1247 699 1334 denique
722 1247 877 1333 Trogus,
909 1247 1097 1314 manifestis
1119 1249 1222 1314 testi-

92 1333 165 1432 hus¹
195 1333 494 1414 convincerentur,
552 1334 699 1404 Flavius
740 1333 913 1425 Vopiscus
945 1337 984 1402 iu
1015 1335 1220 1408 Aureliano

92 1441 175 1506 cap.
197 1431 228 1484 2.

14 1569 57 1624 ts.
89 1558 136 1624 Et
159 1559 244 1624 mihi
266 1559 402 1648 quidem
424 1557 460 1624 id
483 1558 585 1624 animi
606 1559 688 1638 fult,
727 1582 795 1626 non
818 1573 855 1624 ut
876 1559 1064 1640 Sallustios,
1092 1557 1223 1642 Livios,

94 1645 259 1726 Tacitus,
299 1645 456 1734 Trogos,
502 1657 612 1732 atque·
639 1667 756 1710 omnes
793 1646 1034 1714 disertissimos
1069 1646 1222 1715 imitaret·

94 1731 195 1796 ‘viros
224 1731 262 1795 iti
274 1730 362 1794 'vita
390 1729 581 1818 principum
610 1744 642 1794 et
664 1731 876 1820 temporibus
897 1731 1119 1811 disserendis,
1140 1785 1143 1790 .
1163 1733 1224 1796 sed

95 1817 244 1882 Marium
273 1815 477 1900 Maximum,
518 1815 718 1882 Suetonium
745 1817 985 1904 Tranquillum
1017 1834 1089 1896 etc,
1123 1817 1224 1882 ldcu‘t

97 1903 138 1966 iu
162 1903 285 1966 Probo
310 1923 391 1988 cup.
414 1911 446 1966 2.

51 2033 79 2109 .’
101 2020 168 2108 M.
188 2038 437 2128 'intelligendas
466 2055 575 2108 autem
606 2041 920 2128 extremas'partes
948 2041 1102 2107 Danielis
1131 2041 1225 2106 mul-

97 2129 213 2214 tiplex
235 2125 443 2200 Graecorum
470 2127 615 2192 historia
642 2127 830 2195 necessaria
853 2141 902 2192 est
932 2144 997 2192 ccc.
1018 2127 1225 2215 praecipue-⁴

99 2238 169 2302 que
197 2213 306 2284 nostri
330 2213 437 2294 Livii,
476 2227 509 2278 et
536 2213 690 2302 Pompeii
720 2202 831 2300 Trogi
861 2227 961 2300 atque
991 2211 1129 2292 tustini,
1165 2211 1226 2304 qtti

98 2321 236 2371 omnem
274 2312 447 2362 extremae
483 2297 628 2364 visionis
672 2296 1037 2376 narrauthistoriam,
1078 2311 1110 2362 et
1147 2311 1226 2386 post

97 2383 340 2452 Alexandrum
367 2378 475 2472 ¹usque
505 2385 545 2447 ad
579 2381 757 2448 Caesarem
792 2387 1014 2472 Augustum,
1043 2381 1163 2476 Syriae
1190 2395 1226 2448 et
1318 2426 1320 2432 ·

96 2467 276 2558 Aegypti,
305 2469 340 2532 id
363 2485 430 2550 est,
465 2469 595 2532 Seleuci
618 2483 650 2533 et
671 2469 857 2548 Antiochi,
892 2481 925 2532 et
954 2469 1226 2540 Ptolemaeorum
1301 2506 1305 2514 ·

95 2558 191 2622 bella
214 2554 420 2626 describunt.
463 2555 701 2640 Hieronymus
720 2577 883 2658 prooem.
906 2557 943 2616 in
964 2553 1112 2618 Daniel.

21 2725 66 2784 15.
95 2693 179 2798 Quo
221 2711 401 2778 interfecto
443 2711 685 2794 [Balthasare]
728 2734 747 2774 a
781 2711 889 2778 Dario
923 2733 1004 2798 rege
1037 2705 1224 2794 Illedorum,

98 2800 162 2888 qui
185 2795 268 2886 Cyri
291 2797 383 2884 regis
405 2798 584 2863 Persarum
609 2798 791 2861 avunculus
814 2797 895 2876 luit,
934 2811 966 2861 et
994 2795 1089 2884 [Cyro
1111 2798 1224 2874 Persa,

100 2907 190 2974 quae
219 2884 287 2948 duo
317 2905 421 2969 regna
445 2881 559 2947 Esaias
582 2903 791 2946 ascensorem
822 2882 921 2967 bigae
942 2881 1061 2966 cameli
1083 2895 1116 2956 et
1138 2881 1226 2948 asini

99 2982 223 3050 vocat,
260 2969 465 3033 destructum
502 2991 574 3032 esse
608 2967 788 3053 imperium
817 2965 1074 3055 Chaldaeorum.
1124 2965 1227 3048 Quod

102 3055 242 3142 quidem
264 3069 297 3120 et
324 3052 518 3140 Xenophon
542 3053 576 3118 in
603 3051 688 3150 Gyri
710 3053 845 3120 maioris
870 3052 986 3117 scribit
1007 3050 1159 3131 iulantia,
1179 3051 1228 3144 'il

101 3140 288 3226 Pompeius
317 3137 455 3226 Trogus
483 3152 515 3202 et
544 3141 639 3203 multi
676 3139 753 3218 alii,
787 3137 846 3226 qui
878 3139 1037 3204 barbaras
1060 3138 1227 3226 scripsere
1264 3143 1267 3148 ’

102 3225 273 3290 historias.
320 3223 419 3288 Idem
441 3229 479 3290 in
502 3246 581 3311 cap.
607 3234 638 3290 5.
659 3223 810 3291 Daniel.
845 3241 848 3248 ’

24 3361 86 3437 1ΰῇ
107 3364 293 3452 Ιιιειὶηυο,’Ι
308 3362 368 3454 qui
399 3361 563 3428 Graecam
594 3367 649 3428 vel
678 3365 790 3451 potius
811 3365 1041 3452 peregrinam.
1070 3361 1226 3447 Trogum

103 3449 311 3538 Pompeium·
327 3462 476 3526 secutus,
498 3471 565 3514 uon
589 3448 708 3514 Latine
729 3465 875 3529 tantum,
898 3451 984 3515 sicut
1005 3449 1081 3527 illc,
1103 3471 1225 3520 verum
1265 3461 1268 3465 “

106 3537 207 3600 etiam
235 3533 386 3620 breuiter
407 3535 541 3621 scripsit
565 3533 758 3616 historiam,
791 3550 881 3622 ‘opus
904 3536 1065 3600 librorum
1089 3555 1227 3601 suorum

106 3621 160 3685 sic
194 3619 331 3705 incipit:
379 3620 569 3705 Principia
591 3645 793 3702 *rerum-f
821 3625 929 3687 totitas
973 3621 1134 3686 Orientis·
1158 3640 1226 3702 po.

138 3707 216 3768 ulos
242 3707 388 3790 srrbegic.
433 3703 595 3786 Qualibet
623 3719 732 3770 autem
755 3706 821 3772 fide
845 3727 956 3770 rerum
984 3707 1041 3770 vel
1070 3703 1133 3767 iste
1167 3703 1226 3774 vel

105 3729 248 3876 Trogus
277 3787 469 3878 scripserit:
514 3813 592 3862 uum
621 3792 786 3888 quaedam
814 3791 892 3864 illos
920 3789 1025 3862 luisse
1057 3786 1226 3874 mentitos¹

24 3977 233 4000 ffl—

64 4130 93 4206 *)
118 4122 380 4214 „Lepfortasses
411 4122 864 4216 lltrssluctetli'currt.“
905 4107 1078 4192 amelini
1184 4137 1187 4145 '

416 4227 424 4250 t
