2796 4866
127 319 130 336 '
187 338 232 388 vt
313 308 315 318 '
483 327 641 390 ross,
685 331 742 384 un
778 327 980 382 tusrtno
1037 385 1040 391 ,
1108 401 1112 410 Ι

192 517 254 566 sn,
278 497 468 584 transmisi.
511 493 621 580 Quam
649 491 834 558 Msstorum
866 492 1047 558 lectionem
1079 488 1182 556 etism
1214 483 1322 550 Bon-

193 579 325 669 garsius
358 579 509 660 retinuit,
552 579 620 648 Sctl
649 579 736 643 nihil
764 577 995 659 manifestius,
1029 601 1131 664 quam
1162 595 1232 638 non
1269 571 1323 636 ita

194 665 372 766 scripsisse
399 665 590 732 Iustinum.'
619 663 689 731 Nec
710 663 802 729 enim
824 681 901 728 torn
922 677 956 729 et
977 667 1092 751 mogz's
1122 659 1322 726 satiocon-

193 763 347 824 veniunt.
390 747 483 835 Quid
505 749 615 838 ergo?-
650 772 731 814 num
753 749 903 815 dicemus
926 752 1052 836 magis,
1072 763 1130 813 tau
1158 767 1233 829 uam
1256 765 1324 807 su-

163 836 378 925 perfluum,
405 837 481 902 tolli
509 835 693 923 oportere?
740 835 851 923 Atqui
876 857 945 900 non
973 835 1112 900 videtur
1133 769 1181 896 ie
1208 829 1323 926 nihilo

185 929 293 1000 csse,
322 922 415 1008 quod
441 922 479 986 in
502 921 639 1008 optimis
661 919 758 986 libris
777 920 912 1006 legitur.
955 918 1069 1001 Quare
1099 925 1214 1004 puto,‘
1228 937 1325 980 sorl-

146 1071 147 1074 ,
193 1020 291 1096 ptum
310 1007 423 1094 primo
445 1005 566 1072 fuisse:
602 1005 723 1096 Quod,
745 1005 937 1078 ‘Antonine
957 1005 1060 1094 Imps'
1082 1027 1156 1068 non
1177 1023 1325 1086 cogno·
1371 1036 1372 1040 =

195 1091 321 1158 scendi
333 1095 459 1178 magis,
477 1114 587 1180 quom
598 1089 822 1156 'emendandi
837 1091 962 1156 caussa
980 1092 1168 1154 transmisi.
1202 1087 1327 1164 'Nem-

194 1200 241 1266 pc
270 1201 317 1243 ex
344 1175 536 1243 Antonine
555 1177 644 1263 Imp.
671 1177 786 1242 fecere
807 1176 873 1241 Ad
901 1193 941 1262 te
962 1199 1047 1240 non.
1090 1176 1146 1240 Ac
1168 1171 1249 1262 quia
1273 1169 1325 1236 sic

197 1286 272 1328 non
293 1263 537 1350 geminabatur,
559 1262 694 1327 librarii
715 1263 804 1328 huno
824 1262 982 1328 errorem
1001 1259 1245 1336 existimantes,
1268 1259 1328 1320 al-

166 1360 313 1415 *terum'
345 1347 499 1414 omisere.
536 1347 587 1412 Et
626 1370 707 1412 sane
742 1347 910 1420 lustinum
938 1349 1027 1411 bunc
1057 1347 1119 1410 sub
1140 1341 1328 1409 Antonino

195 1433 347 1514 lelssc,
376 1445 453 1497 ante
486 1435 642 1503 seculum,
661 1433 844 1522 Philippus
872 1430 1107 1520 Bergomas*)
1135 1451 1183 1496 ao·
1202 1427 1327 1496 loann.

196 1519 396 1584 Aventinus
411 1518 470 1602 *Il
501 1518 691 1584 tradidere:
728 1518 799 1584 imo
821 1517 914 1586 idem
934 1518 1003 1583 iam
1024 1531 1100 1598 ante
1122 1537 1228 1582 annos
1248 1529 1330 1580 tre-

199 1617 316 1670 centos
350 1604 388 1668 in
424 1601 594 1670 Chronico
622 1625 683 1670 suo
713 1604 850 1692 scripsit
869 1604 1036 1692 Martinus
1058 1603 1229 1679 Polonus:
1265 1601 1329 1666 sed

93 1725 94 1730 κ
184 1764 186 1772 Α
223 1689 293 1754 uod
314 1687 407 1758 idem
428 1685 595 1754 Iustinum
615 1691 706 1760 hunc
728 1712 804 1755 cum
825 1689 956 1756 Iustino
977 1689 1131 1777 llartyre
1159 1685 1329 1768 confudit,

198 1711 321 1840 lbedus
336 1787 443 1856 'error
468 1787 535 1850 est,
569 1797 646 1840 cum
666 1775 738 1856 hic,
766 1773 825 1862 qui
849 1775 1019 1864 epitomen
1042 1773 1188 1860 scripsit,
1210 1773 1248 1837 in
1271 1771 1328 1858 iis,

224 1883 288 1924 uae
322 1859 385 1925 lib.
415 1861 564 1924 XXXVI.
592 1861 635 1928 dc
656 1859 770 1943 Mose,
791 1859 940 1950 Iosephc
964 1873 997 1926 et
1024 1859 1187 1937 lsrar'ilitis
1208 1858 1329 1940 tradit,

198 1883 300 2034 pilane
322 1945 506 2034 Scriptutis
528 1946 744 2013 adversetur:
768 1945 871 2012 «unde
887 1946 1005 2033 liquet,
1024 1945 1197 2017 hominem
1217 1943 1331 2010 fuisse

201 2030 383 2118 gentilem:
426 2048 609 2120 aperteque
631 2031 722 2097 iuter
744 2053 803 2098 eos
826 2033 869 2096 sb
891 2031 1017 2118 Orosio
1039 2044 1257 2097 numeratur:
1290 2043 1331 2096 ut

202 2116 249 2184 de
276 2123 318 2182 eo
336 2116 422 2196 nihil
444 2118 564 2197 dicam,
584 2117 676 2206 quod
697 2119 816 2184 beatus
838 2108 973 2206 Maityr
987 2115 1077 2184 nihil
1094 2115 1216 2182 Latino
1238 2116 1332 2181 sori·-

50 2225 69 2248 'v
128 2233 130 2236 ⁴
199 2200 310 2290 puisse
330 2201 487 2268 videtur:
517 2202 601 2268 item
627 2199 720 2290 quod
739 2201 924 2284 Eusebius,
946 2201 1194 2291 Hieronymus,
1229 2201 1332 2268 Pho-

106 2365 108 2370 ,
202 2286 299 2366 tius,
331 2310 497 2376 nusquam
518 2287 716 2354 historicam
743 2287 831 2354 hanc
853 2287 1026 2376 epitomen
1053 2287 1143 2352 inter
1162 2288 1332 2376 lllsrtyris

105 2450 109 2456 Ι
165 2367 171 2381 “
201 2371 296 2438 illius
320 2373 446 2460 scripta
467 2391 505 2438 re
530 2386 648 2440 count.
689 2373 760 2442 Nec
782 2387 896 2439 tamen
911 2368 1089 2474 eaignota
1104 2371 1169 2436 luit
1185 2372 1223 2441 B.
1239 2373 1332 2439 llie-

15 2465 17 2470 ’
201 2479 368 2546 ronym0,
405 2458 466 2545 qui
495 2397 587 2524 illius
614 2455 967 2546 meminit'prcoemio
989 2481 1026 2524 rn
1048 2459 1253 2540 Danielem:
1279 2458 1337 2524 uti·

180 2543 416 2630 'Augustinus
446 2565 583 2630 quoquc
604 2543 687 2608 facit
707 2542 766 2612 tib.
787 2545 853 2611 1V.·
877 2545 922 2610 ds
947 2543 1014 2610 civ.
1043 2543 1112 2608 Dei
1138 2564 1209 2634 cap.
1233 2557 1273 2612 v6.
1297 2557 1333 2610 et

100 2635 104 2641 “
205 2627 348 2694 Orosius
368 2629 429 2693 lib.
451 2631 473 2693 l.
500 2653 572 2716 cap.
591 2639 624 2712 Ι8.
647 2641 682 2694 et
706 2637 756 2694 10.
780 2629 839 2718 qui
867 2643 903 2695 et
922 2627 1089 2698 Iustinum
1110 2631 1332 2718 pauimen-

203 2712 332 2778 scribit.
375 2714 570 2802 Postquos
607 2713 758 2780 eiusdem
786 2715 997 2780 mentionem
1023 2715 1138 2780 fecere
1166 2715 1332 2797 Isidorus,

202 2797 410 2881 lornandes,
433 2799 502 2888 alii.
541 2800 653 2872 Etiam
675 2823 762 2887 quae
796 2798 924 2889 Lupus*
949 2799 1176 2866 Ferrarisnsis
1205 2803 1332 2869 Abbas

104 2897 107 2934 s
205 2883 302 2972 epist.
330 2896 381 2950 20.
408 2885 452 2950 ad
481 2887 662 2952 Altuinum
689 2907 736 2954 ejx
764 2885 886 2972 Trogo
913 2886 1077 2972 Pompeio
1106 2887 1189 2952 citat
1210 2889 1254 2954 de
1276 2889 1333 2972 iis,

141 3039 144 3050 ,
205 2993 294 3056 quas
316 2969 524 3040 Mithridatis
547 2972 784 3040 excellentiam
797 2971 1035 3058 portenderint
1049 2974 1139 3060 apud
1153 2973 1332 3054 Iustinum,

207 3055 425 3120 adverbum
454 3081 517 3124 ex·
538 3056 657 3124 Iustini
684 3057 743 3123 lib.
765 3057 928 3120 xxxvu.
982 3057 1051 3124 Sed
1084 3059 1176 3145 apud
1195 3058 1333 3148 Lupum

207 3163 299 3206 nunc
345 3143 434 3206 aullo
457 3143 628 3232 comptius
647 3145 817 3230 leguntur,
830 3155 869 3208 ut
890 3157 925 3208 et
939 3141 1029 3230 apud
1044 3141 1162 3209 lustin.
1184 3145 1335 3212 debeant

187 3165 393 3291 ‘smentliiri
436 3227 498 3292 Est
514 3227 662 3320 Iustinus
684 3229 831 3316 scriptor
851 3247 963 3294 tersus
987 3245 1023 3293 et
1047 3231 1210 3320 elegans·
1228 3246 1267 3298 ut
1289 3231 1334 3296 ds

100 3391 107 3403 ἱ
208 3333 249 3380 so
279 3310 398 3378 scribit
417 3311 627 3378 Raimundus
649 3313 766 3378 Lullus
788 3313 846 3378 lib.
864 3317 945 3378 .Vll.
971 3313 1015 3378 de
1039 3331 1125 3380 orat.
1147 3321 1178 3380 t.
1213 3317 1334 3402 Quam

203 3397 355 3487 ‚turpiter
375 3412 487 3464 sutem
507 3399 544 3466 in
564 3400 667 3464 rebus
683 3399 830 3466 Iudaicis
853 3400 1030 3478 aberrarit,
1045 3401 1195 3471 ostendit
1215 3401 1335 3468 Bone·-

209 3481 320 3548 dictus
347 3483 511 3562 Pererius
536 3485 577 3550 in
605 3474 786 3552 Danielem
818 3505 891 3574 cap.
925 3491 977 3554 40.
1012 3479 1120 3553 Ms’tus
1154 3503 1267 3554 exstat
1294 3488 1334 3553 in

208 3567 424 3636 Bibliotheca
445 3571 582 3657 publica
596 3571 804 3648 Academias
827 3571 1123 3672 cantabrigiensis,
1145 3586 1179 3637 ct
1200 3572 1335 3641 Oxonii

207 3653 246 3718 iu
269 3653 423 3744 Collegio
448 3656 611 3746 Corporis
633 3655 773 3727 Christi.
824 3659 879 3724 Ac
901 3679 1022 3724 vnescio
1068 3659 1127 3724 uid
1149 3658 1216 3726 sibi
1237 3659 1335 3740 velit,

97 3813 100 3818 ,
204 3742 303 3827 'quod
324 3744 374 3820 (ut
397 3757 448 3808 est
465 3745 557 3830 apud
572 3743 639 3810 Th.
661 3739 784 3831 lamas)
806 3743 939 3811 Oxonii
960 3744 995 3809 in
1012 3745 1054 3810 Bi
1080 3744 1226 3811 liotbeoa
1248 3744 1335 3812 (lol-

161 3875 165 3880 .
207 3826 290 3914 legii
317 3827 407 3902 Novi
444 3829 747 3912 exstare2dicatur
785 3831 959 3921 Epitomc
996 3829 1232 3896 historiarum
1257 3840 1336 3922 'per

213 3911 369 4001 Trogum
390 3916 605 4004 Pompeium
626 3919 687 3984 lib·
708 3917 776 3988 IV·
900 3959 902 3965 ·

211 4031 422 4056 mua-...-
467 4053 478 4068 ¹.
568 4045 577 4052 ,,
677 4037 679 4041 ν
949 4020 998 4046 τ’·
1061 4025 1063 4032 “

208 4089 246 4184 ἦ)
263 4090 337 4152 Lis.
356 4091 451 4157 VIII.
469 4095 673 4181 Supplement,
686 4097 861 4182 [chronio]
875 4098 907 4160 in
920 4096 1096 4181 temporibus
1108 4099 1259 4168 Antonini
1273 4098 1334 4163 Pii.

213 4177 269 4274 lli)
292 4177 329 4241 lu
350 4183 400 4258 its,
417 4205 495 4269 quoe
516 4185 554 4246 de
568 4187 764 4271 ,scriptoribus
782 4190 881 4272 primo
903 4184 1059 4250 annalium
1067 4189 1249 4277 praemittit.
