2740 4854
39 191 217 246 t'..·2[·;³.t·2'³.·1·'e'ri.e3÷.³ii

266 271 317 318 nn
343 267 461 318 rnoot
484 266 594 320 roma.
611 235 830 326 'resumi
856 267 964 361 uuor.
1032 341 1037 350 .
1124 231 1216 319 'nv

27 428 192 496 lectoribus
213 423 473 496 commendaret.
513 421 721 498 Admodum
733 427 828 494 enim
844 429 927 494 illud
942 441 1097 500 ornatum
1111 441 1212 526 atque

27 515 198 601 expolitum
219 515 341 596 fnisse,
363 517 406 580 ab
426 514 561 580 homine
584 515 643 602 qui
664 537 711 580 ex
732 515 905 580 rhetorum
924 515 1220 602 ‘scholis'prodisw

26 617 78 678 set,
103 599 202 664 l'aeile
223 599 492 685 exspectaverim
531 599 688 686 inprimis
710 613 820 664 autem
844 599 882 664 in
903 621 945 666 ee
966 601 1081 664 landes
1103 621 1212 687 quae-

26 686 129 750 sivisse
158 685 267 774 atque'
288 687 478 751 elaborasse
504 685 646 766 dieitur,
679 699 716 750 ut
736 685 887 750 moribus
911 699 946 750 et
970 683 1117 773 ingeniis
1138 700 1210 750 tum

25 771 216 857 singulorum
236 770 404 852 virorum,
435 785 507 836 tum
521 773 725 859 populorum
743 769 982 863 depingendis,
1009 769 1212 836 acerrimum

25 870 107 943 atque
127 854 281 942 iniquum
304 855 392 920 haud
413 879 492 922 raro
519 879 591 922 sese
611 856 758 922 iudicem
778 857 957 944 praeberet
978 857 1033 934 ἧς
1059 856 1209 942 ideoque

24 941 50 1005 id
70 962 170 1028 genus
194 937 373 1022 historiae,
414 941 505 1028 quod
532 957 567 1008 et
593 954 708 1008 nostra
737 953 846 1004 aetate
866 941 1013 1008 maxime
1035 939 1209 1028 probatur,

41 1025 134 1092 rimus
158 1026 348 1090 excoluisse
369 1041 461 1090 recte
484 1025 552 1092 dici
573 1027 690 1115 possit.
733 1025 835 1094 Plura
856 1026 960 1090 huius
979 1025 1130 1114 generis,
1166 1025 1209 1090 de

23 1051 141 1174 luxuria
165 1133 204 1174 ao
225 1110 366 1176 mollitie
385 1111 597 1190 incredibili,
632 1111 849 1197 moribusque
871 1110 1064 1194 depravatis
1084 1109 1211 1176 civita-

23 1211 79 1261 tum
100 1193 322 1275 Graecarum,
352 1193 398 1260 ex
420 1218 460 1260 eo
483 1197 664 1283 exscripsit
685 1199 882 1262 Athenaeus
903 1197 976 1277 ⁸⁶),
1007 1219 1092 1284 quae
1112 1195 1209 1260 desi·
1286 1202 1289 1208 ’

24 1281 138 1346 derium
161 1280 363 1368 scriptorum
386 1281 472 1346 tanti
492 1281 561 1346 viri
582 1282 705 1346 merito
729 1280 890 1349 excitent.
933 1281 1048 1346 Aliter
1071 1281 1209 1346 sanein

23 1366 118 1430 multis
138 1379 359 1430 statueremus
382 1365 424 1429 de
445 1371 634 1454 temporum
654 1366 792 1432 illorum
813 1365 1016 1446 conditione,
1039 1365 1069 1432 si
1085 1365 1208 1432 Theo-

24 1451 121 1538 pompi
138 1449 330 1540 Philippica
343 1451 658 1532 ,concederenohis
681 1449 847 1520 voluisset
865 1445 1015 1522 fortuna.
1045 1489 1048 1498 ·
1116 1493 1121 1508 ·

528 1677 530 1687 ‚
570 1649 647 1732 §.e

89 1800 147 1868 Ad
171 1801 391 1893 Theopompi
412 1827 495 1872 vero
518 1806 712 1892 exemplum
736 1815 812 1870 oum
833 1804 891 1872 alii
910 1805 1033 1892 plures,
1056 1818 1127 1870 tum
1148 1803 1208 1870 in·-

20 1885 121 1974 primis
149 1911 225 1954 sese
253 1890 447 1976 composuit·
467 1891 604 1978 Trogus
634 1889 824 1980 Pompeius.
867 1889 942 1956 Non
974 1889 1063 1954 enim
1092 1889 1207 1976 operis

21 1971 60 2036 sui
79 1973 212 2040 titulum
233 1977 352 2056 modo,
391 1977 482 2063 quod
510 1975 557 2040 ita
584 1990 621 2039 ut
648 1975 892 2064 Theopompus
919 1975 1128 2064 Philippica
1148 1975 1212 2040 in-'

4 2057 153 2146 scripsit,
191 2059 233 2123 ab
262 2082 303 2126 eo
325 2076 494 2126 mutuatus
517 2073 582 2138 est,
624 2060 683 2125 sed
705 2061 863 2140 inurebus
886 2082 1019 2148 quoque
1042 2061 1206 2148 digeren-

22 2141 61 2205 dis
80 2156 112 2206 et
131 2143 349 2224 ordinandis,
385 2147 479 2210 et⁸in
502 2145 659 2210 dictionis
685 2146 784 2209 etiam
806 2167 929 2234 genere
951 2167 1018 2232 quo
1037 2167 1121 2210 usus
1144 2157 1205 2230 est,

21 2227 91 2292 huuc
110 2226 326 2310 praeeuntem
347 2230 496 2296 maxime
516 2231 650 2309 habuit,
673 2255 778 2316 quare
797 2253 872 2296 eum
894 2229 1093 2296 auctoritate
1114 2253 1206 2318 quo-

22 2335 71 2399 que
97 2313 326 2404 Theopompi.
343 2316 491 2382 maxime
519 2339 615 2382 usum
638 2339 727 2398 esse,
763 2329 923 2404 quantum
952 2314 1088 2402 quidem
1115 2317 1206 2392 ratio

23 2399 113 2483 operis
134 2401 188 2464 sui
210 2401 437 2490 permitteret,
461 2415 495 2486 ep
541 2425 632 2466 erse
652 2413 763 2488 patet,
791 2414 824 2464 et
844 2401 939 2486 plura
961 2423 1058 2464 exem
1085 2402 1117 2466 la
1138 2403 1206 2468 doss

22 2485 132 2548 nebunt.
181 2485 328 2552 Omnino
350 2487 440 2552 enim
462 2425 605 2552 amMitus
628 2485 898 2572 Philippicorum
919 2483 1029 2574 Trogi
1051 2423 1205 2574 dompeii

23 2571 106 2635 multo
133 2569 235 2641 latins
265 2571 389 2659 patuit,
426 2583 527 2659 quam
554 2570 820 2656 Philippicorum
849 2569 1082 2660 Theopompi3
1119 2581 1214 2662 quae
1258 2641 1263 2654 ,

22 2676 79 2717 euin
99 2653 248 2742 Philippi
277 2656 377 2742 primi
400 2671 542 2722 aetatem
589 2656 704 2739 roprie
726 2656 1046 2740 complecterentur,
1091 2657 1203 2748 Trogi

23 2752 116 2805 contra
152 2740 344 2829 Philippica
382 2761 516 2807 omnem
544 2679 754 2806 Macedonici
785 2737 921 2826 imperii
950 2737 1031 2804 inde
1062 2743 1105 2807 ab
1132 2745 1204 2811 eius

21 2823 124 2904 initiis,
148 2827 299 2890 maxime
320 2848 405 2894 vero
426 2850 445 2890 a
465 2825 611 2916 Philippi
635 2824 679 2888 M.
703 2837 828 2904 aetate,
859 2847 964 2910 usque
986 2825 1028 2888 ad
1052 2826 1124 2894 eius
1144 2829 1204 2898 in·
1304 2863 1306 2870 ·

21 2911 134 2973 teritum
157 2910 389 2976 Romanorum
411 2909 745 3000 maxime-potentia,
777 2908 953 2974 historiam
976 2908 1202 2982 continebant.

22 2997 86 3059 lunt
107 2994 197 3060 enim
218 2995 422 3084 Philippica,
459 3020 545 3096 quae
566 3019 628 3062 noe
648 3018 809 3061 vocamus
831 2994 1098 3074 Macedoniam
1133 3024 1202 3090 quo

21 3080 152 3161 nomine,
176 3104 251 3151 oum
273 3081 482 3148 Macedonici
502 3081 599 3166 regni
620 3106 640 3146 a
661 3080 770 3168 primo
785 3078 942 3166 Philippo
958 3077 1091 3148 fundati
1110 3086 1202 3156 vires

21 3167 68 3230 sub
88 3169 194 3252 altero
211 3169 350 3246 demum
366 3167 525 3256 Philippo
539 3169 767 3234 Romanorum
788 3163 884 3230 bellis
906 3163 954 3228 ita
975 3163 1202 3257 infringeren-

21 3263 76 3328 tur,
102 3265 136 3316 ut
157 3251 383 3340 propinquam
404 3252 472 3316 iam
494 3253 626 3318 ruinam
645 3250 872 3330 minitaretur,
901 3249 1046 3338 ideoque
1068 3273 1202 3342 praeter
1249 3263 1255 3270 ’

20 3337 239 3402 Alexandrum
267 3338 427 3424 Magnum
453 3337 687 3426 Philipporum
713 3335 848 3404 nomina
870 3333 959 3400 inter
980 3336 1211 3414 Macedonum

21 3435 104 3508 reges
120 3422 276 3509 inprimis
297 3421 444 3508 insignia
470 3439 598 3504 essent,
634 3444 703 3488 non
724 3423 811 3486 male
834 3420 1065 3489 Macedonicas
1085 3427 1200 3496 histo-

20 3506 73 3571 rias
99 3508 280 3594 appellari,
314 3507 422 3584 facile,
442 3509 616 3576 concedes.
658 3508 908 3594 Argumentum
928 3505 1061 3656 itague,
1105 3500 1214 3599 quod'¹
1264 3579 1271 3586 ,

22 3589 139 3678 Trogus
163 3593 343 3678 Pompeius
362 3595 573 3658 tractandum
595 3593 659 3658 sibi
682 3605 862 3670 sumserat,
895 3611 962 3658 uon
1001 3593 1200 3668 lacedoniae

21 3689 131 3742 tantum
165 3697 228 3762 pro
253 3677 309 3742 rie
340 3678 473 3759 dictae,
514 3679 572 3744 sed
610 3676 718 3744 omnis
749 3673 957 3742 Macedonici
993 3675 1128 3767 imperii
1154 3686 1198 3751 ab

22 3762 205 3828 Alexandro
230 3701 278 3830 M.
294 3763 429 3828 conditi
452 3777 486 3829 et
505 3785 686 3863 regnorum
708 3777 742 3828 et
763 3761 936 3827 civitatum
956 3759 993 3826 in
1016 3777 1102 3850 quae
1122 3786 1202 3856 post

22 3861 146 3912 mortem
167 3847 240 3912 eius
260 3848 489 3931 divideretur,
525 3849 670 3914 historia
689 3846 772 3930 snit3
803 3845 852 3910 ita
877 3847 978 3912 utel)
997 3847 1103 3917 initiis
1125 3853 1197 3922 eius

23 3952 146 3998 exorsus
167 3956 272 4020 usque
295 3931 337 4000 ad
361 3936 401 3998 ea
421 3948 591 4024 tempora,
625 3932 748 4024 quibus
775 3931 917 4020 singula·
933 3953 1038 4019 regna
1064 3935 1101 4004 in
1119 3935 1198 4008 Ro·
1292 3994 1295 4002 ,

54 4175 86 4260 a)
109 4181 139 4242 V
139 4179 194 4274 ide¹
206 4185 373 4247 testimonia
394 4204 444 4267 ap.
468 4179 558 4249 Voss.
575 4206 646 4266 pug.
666 4189 720 4261 32.
741 4181 779 4244 sle
797 4143 993 4248 recollecta.

56 4280 105 4366 ’ἢ
128 4283 180 4373 Cf.
200 4283 313 4382 Athen.
331 4301 402 4374 pag.
420 4289 493 4350 442.
515 4288 590 4350 449.
612 4293 686 4350 5³2.
703 4311 768 4372 qu.
