2740 4854
104 312 315 405 ¹fruamur
428 319 431 326 ·
628 318 663 376 s.
686 315 725 374 n.
749 277 981 376 nonnosus
1171 319 1174 324 ·
1284 326 1286 338 ’

62 528 65 544 ‹
99 562 108 569 ,
173 485 238 557 lias
257 485 348 556 enim
367 483 515 574 turpiter
532 497 681 578 tyranno
703 485 873 569 adulatus,
898 479 1039 552 summis
1061 505 1137 548 enm
1157 480 1303 547 laudibus
1318 481 1349 546 ad

105 657 109 662 Δ
174 577 307 641 coelum
329 575 518 640 sustulerat.
562 571 688 638 Contra
710 571 883 656 Timaeus,
912 595 1013 662 quem
1035 565 1172 636 omnino
1195 568 1359 634 admoduml

173 658 376 726 maledicum
396 655 501 724 fuisse
518 657 657 722 tradunt
679 677 813 746 omnes,
833 658 971 748 priuato
990 657 1026 721 in
1048 655 1268 742 Agathoclem
1289 651 1359 726 odiel

174 743 341 824 incensus,
357 743 482 833 quippe
496 766 514 807 a
529 765 596 830 quo
612 765 656 808 ex
671 743 757 808 urbe
775 747 937 830 expulsus
954 756 1053 821 esset,
1068 739 1243 822 calumniis
1253 729 1359 814 vindi-l

96 885 97 898 ,
173 830 262 914 ctam
276 851 453 918 quaerens,
463 827 625 894 acerrime
639 828 675 894 in
688 851 765 894 eum
778 829 932 914 invectus
947 827 1070 892 fuerat.
1093 821 1359 910 interutrumquel

168 913 365 994 Diodorus,
385 935 452 981 non
474 913 546 995 sine
565 911 693 979 iudicio
715 913 834 980 tritico
847 915 883 980 in
901 910 1042 979 historih
1055 909 1254 998 Agathoclis
1270 913 1359 998 enar-l

170 1000 280 1070 rande
298 1013 477 1081 versatus,
496 999 643 1065 medium
662 1013 766 1064 tenet.
808 999 943 1072 Contra
965 999 995 1064 si
1015 997 1181 1064 Iustinum
1208 994 1359 1084 inspexe}

170 1086 245 1165 ris,·
272 1107 374 1176 quem
405 1095 538 1152 secutus
565 1085 630 1167 sit,
669 1083 781 1171 facile,¹
797 1099 949 1174 apparet.
998 1081 1250 1170 Iniquissimum
1282 1080 1359 1144 enin

56 1185 59 1196 '
157 1169 372 1261 Agathoclis
398 1169 436 1236 in
464 1191 507 1236 eo
534 1172 798 1236 obtrectatorem
826 1191 926 1240 nemo
947 1191 1015 1235 non
1038 1183 1234 1258 cognoscet,
1261 1167 1304 1230 itu
1325 1180 1352 1230 ut

78 1269 80 1272 ’
114 1292 119 1304 .
169 1256 284 1324 omnia
304 1277 444 1348 prorsus
464 1255 602 1324 Timaei
630 1255 785 1321 convicia
810 1253 847 1321 in
875 1255 1028 1330 historiis
1051 1255 1122 1319 eius
1152 1252 1292 1342 repetita
1309 1251 1351 1316 vi-

168 1343 324 1410 deantur.
366 1340 437 1408 Iam
457 1341 546 1407 enim
576 1365 596 1407 a
616 1361 724 1430 puero
746 1342 903 1406 omnihus
931 1364 1008 1405 eum
1029 1337 1176 1428 'flagitiis
1207 1335 1351 1416 contami-

168 1439 285 1494 natum
305 1425 411 1493 luisse
450 1427 637 1512 erhibet*),
657 1447 815 1508 uxorem,
836 1448 936 1515 quam
949 1426 1093 1492 viduam
1106 1424 1245 1490 duxisse
1257 1437 1352 1488 auctor

170 1527 222 1580 est
242 1452 501 1600 Diodorusifl,
530 1525 647 1600 stupro
678 1525 754 1577 ante
781 1513 950 1600 cognitam
972 1510 1130 1577 habuisse
1151 1509 1271 1592 tradit,
1294 1519 1351 1598 post

167 1599 327 1688 adeptam
362 1612 448 1664 vero
491 1597 709 1686 tyrannidem
750 1596 946 1672 incredibili
979 1619 1121 1684 prorsus
1159 1594 1350 1661 saevitiam

124 1753 128 1761 ,
166 1705 283 1750 omnes
312 1697 502 1772 grassatum
532 1703 616 1748 esse.
680 1681 796 1770 Neque
824 1697 938 1747 tamen
965 1681 1037 1748 sola
1070 1683 1153 1747 baec
1181 1681 1351 1746 coniectura

105 1793 108 1798 ’
167 1783 347 1856 ponuntur,
363 1769 422 1833 sed
439 1767 634 1834 certissimis
649 1768 854 1854 argumentis
876 1767 1018 1857 probari
1039 1781 1191 1855 possunt,
1211 1765 1241 1831 si
1254 1766 1351 1852 inspe-

163 1854 261 1920 xeris
281 1870 368 1941 quae
384 1855 559 1942 Polybius
580 1877 627 1919 ex
649 1852 881 1941 Timaeo**⁸)
905 1853 1100 1942 exscripsit,
1122 1868 1160 1918 ut
1182 1875 1281 1940 quam
1298 1851 1351 1916 ini-

163 1963 267 2028 quum
288 1953 465 2025 seooutra
477 1941 704 2026 Agathoclem
719 1939 913 2028 praebuerit
927 1941 1133 2020 ostenderet.
1177 1939 1262 2004 Sunt
1281 1937 1351 2001 enim

165 2025 250 2091 haec
271 2024 388 2089 eadem
406 2048 497 2114 ,quae
517 2023 662 2090 totidem
682 2023 756 2090 Pare
777 2027 893 2091 verbis
916 2027 1005 2114 apud
1026 2024 1190 2090 lustinum
1212 2026 1243 2088 le
1268 2023 1351 2100 imus,

165 2109 215 2176 ita
243 2121 280 2176 ut
304 2109 460 2207 'frugum
487 2109 685 2198 Pompeium
712 2125 850 2196 praeter
880 2105 1144 2199 Theopompum
1172 2110 1210 2174 in
1237 2047 1352 2176 Sgiciliae

98 2217 101 2226 ¹
127 2203 128 2206 ’
163 2197 269 2262 rebus
289 2194 425 2274 Timaei
447 2195 597 2260 maxime
616 2195 816 2260 auctoritate
837 2217 934 2260 usum
957 2219 1040 2276 esse,
1064 2195 1214 2260 dubitari
1233 2216 1351 2282 prorsus

164 2289 321 2380 nequeat.
364 2279 564 2363 Deduxerat
586 2295 698 2346 autem
719 2279 877 2346 historias
900 2305 976 2346 suas
999 2303 1105 2369 usque
1128 2281 1171 2345 ad
1185 2279 1307 2369 Pyrrhi
1319 2301 1351 2342 ex

158 2366 282 2441 sicstia
304 2365 504 2446 discessum,
536 2377 571 2430 ot
600 2381 685 2431 mox
701 2363 938 2430 ¹Romanorum
961 2366 997 2430 in
1017 2367 1163 2431 insulam
1184 2365 1350 2446 transitum,

163 2467 252 2518 teste
282 2451 445 2539 Polybio,
480 2450 540 2540 qui
568 2474 628 2516 sua
656 2473 693 2516 se
720 2450 771 2516 ibi
796 2451 948 2550 incipere
978 2451 1176 2538 profitetur,
1212 2451 1273 2516 ubi
1299 2449 1350 2515 Ti-

165 2559 280 2602 maeus
299 2537 456 2603 desierat.
498 2537 656 2602 Ceterum
679 2561 756 2602 eum
779 2558 845 2602 non
867 2561 902 2602 an
924 2537 1026 2602 rebus
1047 2535 1169 2602 Siculis
1189 2557 1352 2625 exponen-

165 2623 220 2690 dis
241 2621 449 2703 substitisse,
477 2622 602 2687 sedda
623 2623 765 2710 reliquis
787 2645 921 2712 quoque
944 2623 1080 2710 populis
1102 2622 1237 2708 ltaliae,
1268 2620 1359 2688 Afri-i

110 2779 111 2783 ,
164 2733 241 2792 cue,
262 2706 533 2796 Hispania'ootc.
554 2709 704 2773 locutum
727 2731 817 2785 esse,
848 2709 1144 2798 atqueregionum
1164 2707 1352 2796 descriptio·

164 2792 482 2874 nes‘suhiunxisse,
512 2814 587 2858 cum
608 2793 745 2858 aliunde
772 2807 843 2858 turn
868 2795 901 2858 in
928 2793 1024 2859 rimis
1047 2817 1093 2858 ex
1114 2793 1263 2884 Polybio
1290 2814 1351 2858 con-

163 2880 288 2966 stut†),
308 2877 385 2967 qui,
407 2901 509 2969 quam
529 2877 617 2946 levis
635 2877 717 2946 fidei
737 2879 884 2968 scriptor
904 2817 1024 2963 inerit,
1052 2879 1187 2946 erudite
1209 2875 1359 2966 ostendit}

1358 2971 1359 3012 1

721 3091 819 3176 pal.
883 3073 900 3128 ·'
984 3093 987 3098 ·
1273 3067 1275 3070 ’

107 3293 108 3298 ¹
246 3211 283 3278 A
307 3209 507 3279 Siculorum
545 3223 578 3276 et
607 3207 937 3299 Carthaginiensium
964 3209 1074 3278 rebus,
1103 3213 1199 3278 libro
1219 3209 1359 3284 xmus

66 3349 81 3372 ⁴
134 3376 136 3386 y
161 3321 278 3364 rursus
307 3295 351 3362 ad
378 3295 599 3362 Macedonica
624 3310 661 3362 et
683 3295 814 3363 Graeca
842 3297 932 3362 redit
952 3297 1111 3366 Iustinus.
1162 3299 1352 3366 Perventum

145 3397 273 3464 ‚autem
294 3382 363 3448 iam
383 3396 452 3446 erat
474 3383 517 3445 ad
540 3405 586 3447 ea¹
600 3395 771 3468 tsmpopa,
794 3381 855 3450 uhi
878 3380 1046 3470 proximis
1068 3383 1268 3450 Alexandri
1288 3406 1352 3448 suc-

161 3467 352 3536 cessoribus
379 3465 561 3532 exstinctis
584 3482 704 3534 eorum
726 3469 856 3554 posteri
884 3492 943 3534 seu
965 3475 1101 3554 ἐπίγονοι
1128 3493 1236 3556 regna
1265 3491 1352 3536 occu-

159 3568 301 3644 parunt,
343 3575 382 3619 ac
416 3553 540 3618 mutuis
580 3553 670 3620 inter
707 3577 743 3618 se
776 3553 875 3619 bellis
912 3557 1110 3644 plerumque
1142 3556 1352 3621 decertarunt.

159 3639 261 3706 Alios
278 3639 395 3728 itaque
416 3637 534 3719 duces,
557 3640 675 3729 sinon
695 3639 730 3704 in
753 3639 926 3720 omnibus,
957 3655 1070 3706 tamen
1098 3641 1134 3705 in
1155 3641 1272 3707 multis
1299 3639 1352 3702 eli-

159 3727 243 3811 gere
262 3727 329 3816 sibi
349 3719 507 3806 debuisse
527 3723 681 3814 Trogum
708 3749 767 3813 per
787 3749 824 3790 se
846 3729 955 3812 polet,
977 3750 1052 3792 cum
1076 3721 1232 3814 plerique
1254 3726 1352 3790 histo·

149 3813 227 3879 rias
254 3833 461 3899 suasusque
492 3809 537 3876 ad
562 3813 647 3879 haec
668 3823 823 3900 tempora
846 3810 1078 3878 deduxissent.
1099 3869 1104 3884 ,
1131 3809 1218 3899 Sunt
1244 3807 1292 3877 eri
1310 3808 1351 3875 his

124 4096 126 4100 ¹
196 4000 227 4113 *1
248 4029 354 4105 lustin.
376 4031 491 4112 ΧΧῘῙ,
523 4041 552 4100 la
577 4001 600 4090 '¹
628 4013 630 4018 Ι
693 4049 695 4056 ’
929 4033 931 4041 ¹
1071 4101 1078 4114 ,
1101 4049 1106 4061 ¹

131 4208 133 4212 .
198 4133 239 4213 **)
261 4135 357 4225 Diod.
370 4141 468 4204 XIX.
486 4165 559 4224 pog-
581 4146 655 4204 671.
715 4205 716 4210 ,
957 4189 965 4210 .
1358 4149 1359 4190 1

171 4229 250 4318 m)
273 4238 419 4328 Polybius
436 4246 468 4306 in
481 4244 669 4333 fragmentis
689 4243 744 4308 lid.
763 4235 845 4322 XII,
872 4225 924 4310 ld.
950 4265 953 4276 “

157 4365 169 4390 “-
193 4341 230 4417 11
250 4341 400 4426 Podrhsl.
422 4373 448 4410 c.
490 4341 522 4418 f
666 4360 671 4370 “
820 4369 823 4378 ’
933 4331 935 4334 ¹
