2740 4854
155 272 266 342 'xcvi
331 351 340 400 ι
384 265 386 272 ’
583 282 932 339 emmeramme

177 471 254 522 eum
274 469 343 514 non
363 443 491 535 ubique
510 445 704 536 illos,·qnos
725 467 788 514 nos
809 445 958 523 maxime
980 443 1171 532 probamus,
1195 449 1342 534 evolvisse,

177 535 296 624 negari
316 533 454 621 quidem
475 527 609 622 nequit,
639 547 770 600 secutus
793 547 905 607 tamen
933 532 1039 598 fuisse
1067 533 1205 600 videtur
1226 534 1273 600 sui
1290 539 1344 602 aeri

124 669 128 684 .
177 622 357 696 iudicium3
387 633 540 694 nostrum
560 638 658 686 vero·
676 605 946 709 postffautorum
976 618 1179 706 scriptorum
1206 618 1344 688 interitum

177 707 359 778 admodum
386 705 551 780 incertum
576 728 670 787 esse,
701 704 775 817 quis
802 703 1019 770 conridet?
1056 704 1250 772 ‹Auctorum
1283 707 1345 773 enin

149 799 153 807 ’
202 811 324 862 uorum
358 791 505 878 vestigia
532 791 671 889 ¹pressit,
719 790 947 877 Pheopompl,
982 788 1130 869 Ehori,
1165 790 1345 881 Hieronymi,

178 821 330 957 linaei,
358 877 560 966 Phylarobr,
598 871 756 965 Polybii,
785 875 975 958 Posidonii,
1046 875 1142 942 ioolis
1175 890 1210 942 et
1237 877 1345 944 aliorum

177 963 411 1046 auctoritatem
431 962 490 1028 illa
503 975 618 1034 ¹aetate
642 985 806 1030 summam
828 962 949 1044 fuisse,
979 961 1064 1035 satis
1083 973 1223 1028 constat.
1263 960 1345 1044 Quare

169 1049 336 1150 ¹reliquias
364 1048 464 1113 uobis
485 1069 693 1126 summorum
713 1046 926 1134 ingeniorum
948 1047 983 1112 in
1005 1046 1091 1136 ipsis
1113 1047 1225 1135 operis
1246 1048 1291 1112 sui
1307 1073 1346 1113 re-

95 1188 106 1198 .
175 1135 290 1226 liquiis
312 1135 433 1198 multae
455 1156 494 1198 ac
514 1136 704 1222 praeclaras
724 1155 896 1208 servasse,
918 1130 1020 1198 facile
1042 1154 1159 1198 omues
1181 1133 1344 1202 concedent.

87 1273 89 1277 ,
176 1225 296 1292 Porro
317 1220 409 1307 quod
439 1219 481 1284 ad
502 1218 604 1286 fidem
623 1218 827 1288 thistoricarn
850 1215 985 1298 attinet,
1004 1211 1174 1307 q'uateuus‘
1192 1242 1231 1284 ea
1245 1221 1286 1284 ex‘
1304 1244 1346 1284 eu-

177 1307 327 1376 ctoribus
348 1302 525 1392 pendeat,
539 1306 605 1369 hoo
626 1303 701 1390 ipso
724 1303 792 1369 iam
815 1303 1020 1368 declaratum
1043 1317 1103 1370 est.
1136 1295 1346 1392 dierumque-

165 1394 278 1470 ,111on
302 1389 439 1476 Trogus
461 1389 655 1458 auctoribus
678 1411 763 1476 quos
784 1389 914 1454 evolvit
937 1411 1015 1476 usus
1037 1389 1095 1470 sit,
1127 1413 1218 1472 num,
1247 1390 1346 1456 etiarnsi

174 1480 283 1548 'rerba
305 1475 504 1560 mutaverit,
532 1473 605 1562 ipsa
627 1487 740 1548 tamen
762 1475 886 1540 tradita
907 1474 1066 1561 religiose
1089 1476 1290 1556 exhibuerit,
1307 1499 1347 1540 re·

176 1579 230 1635 ete
253 1560 437 1652 quaeritur.
482 1559 615 1626 Certius
638 1582 726 1624 ⁴sane
754 1581 817 1624 nos
847 1559 889 1624 de
919 1560 971 1624 his
991 1559 1205 1627 iudicaturos
1224 1583 1307 1639 esse,
1328 1560 1346 1627 si

174 1651 345 1736 integrum
368 1643 570 1732 haberemus
598 1644 713 1730 Trogi
736 1649 838 1730 opus,
873 1645 973 1710 laoile
1001 1645 1194 1732 intelligent
1219 1649 1347 1728 lectores,

167 1758 265 1806 muno
283 1756 362 1804 cum
382 1731 418 1795 iu
430 1731 579 1820 ,iisquae
601 1733 656 1796 vel
678 1730 840 1816 perverse
861 1733 919 1796 tel
932 1733 1048 1796 saltem
1064 1732 1274 1840 negligenter
1289 1757 1348 1798 nar·

174 1835 251 1891 rata
271 1831 352 1896 sunt,
369 1839 501 1902 semper
523 1811 688 1894 incertnrb
710 1831 860 1897 maneat,
893 1837 977 1882 eane
1000 1819 1096 1904 eulpa
1127 1817 1298 1906 l'rogisit,
1321 1843 1347 1882 an

113 1918 116 1928 “
176 1922 261 1973 vero
275 1903 334 2002 qui
349 1925 395 1968 ex
419 1903 490 1976 eius
511 1902 671 1988 operibus
687 1915 848 1990 excerpta
875 1901 978 1984 dedit,
998 1901 1233 1984 lustrn1,1llud
1252 1917 1347 1970 tantun

176 1999 443 2080 quaerrpoteſset,
473 2013 538 2077 qua
555 1988 625 2055 fide
645 1987 792 2074 Iustinus
807 1987 847 2052 'iu
872 1985 1000 2074 Trogo
1021 1989 1240 2076 excerpendo
1257 2013 1347 2054 versa-

174 2091 229 2142 tus
261 2074 382 2144 fuerit:
419 2074 461 2138 de
498 2095 564 2161 quo
596 2073 707 2140 statim
739 2071 966 2160 dispiciemus.
1029 2069 1347 2162 EquidemTrogun

137 2207 139 2210 >
173 2163 286 2261 ipsum
305 2173 482 2232 ,auctorum
505 2180 590 2245 quos
616 2163 750 2246 secutus
773 2172 819 2221 est
840 2158 965 2239 tradita
991 2181 1038 2224 ex
1059 2161 1239 2248 proposito
1260 2159 1348 2224 inver-

112 2273 116 2284 ‘
174 2260 254 2324 tasse
280 2243 603 2331 atqueimmutasso
633 2241 698 2312 vix
729 2242 952 2324 crediderim,
992 2246 1169 2332 cumipse
1213 2268 1252 2312 eo
1276 2244 1348 2309 fidem

121 2376 125 2384 ·
173 2353 270 2400 suam
292 2329 498 2416 infregisset,
520 2353 595 2394 cum
617 2327 741 2416 scripta
762 2329 916 2394 virorum
938 2329 1080 2396 illorum*
1097 2331 1248 2398 omnium
1266 2329 1348 2396 mani-

173 2419 238 2493 bus
259 2419 471 2498 tererentur,
502 2438 622 2497 verum
645 2414 693 2482 ita
714 2425 828 2489 tamen
851 2429 884 2480 et
905 2437 966 2482 suo
988 2429 1021 2480 et
1043 2417 1169 2482 saeculi
1193 2417 1246 2484 sui
1266 2417 1347 2502 genio,

174 2503 276 2590 q‘uod·
295 2500 501 2566 rhetoricum
529 2501 691 2568 historiae
712 2499 911 2566 scribendae
938 2524 1044 2590 genus
1072 2502 1230 2590 inprimis
1251 2502 1348 2590 probs-

147 2588 150 2600 ¹
172 2585 452 2669 ret‚,indu1sisee
473 2585 628 2668 videtur,
664 2601 702 2652 ut
730 2609 805 2652 oum
838 2589 982 2654 lectores
1012 2589 1071 2654 vel
1095 2587 1138 2652 ad
1157 2587 1348 2654 eomnrisera-

172 2673 302 2740 tionem
323 2671 477 2754 flectere,
501 2673 558 2736 vel
580 2673 623 2738 ad
644 2671 901 2738 admirationem
914 2693 1047 2760 rapere,
1068 2675 1127 2738 vel
1147 2669 1335 2746 risum'inter

172 2761 252 2826 dum
271 2759 313 2823 iis
326 2779 465 2828 movere
482 2759 596 2838 vellet,
620 2758 764 2826 aliorum
780 2759 905 2824 tradita
925 2758 1028 2824 modo
1044 2771 1163 2823 ornate
1186 2759 1284 2825 modo
1298 2779 1348 2821 eun

162 2847 290 2930 ,lepore
303 2845 414 2931 vatque
433 2843 563 2932 ingenii
585 2845 732 2930 quodam
746 2843 907 2908 ‚acumine
927 2842 1085 2930 proferre
1106 2845 1265 2926 studeret,
1284 2839 1348 2930 quod

80 3013 84 3018 f
116 2962 119 2971 =
173 2929 351 3016 aliquoties
387 2927 471 2996 iam,
492 2929 529 2994 in
561 2927 842 2994 commentatione
881 2929 1048 3018 exemplis
1081 2929 1192 2994 allatis
1216 2924 1348 3018 probari.

174 3013 276 3096 Quod
306 3014 461 3100 quamvis
488 3015 614 3098 saeculi
641 3015 755 3104 potius
787 3015 1020 3102 quamipsius
1049 3012 1120 3082 viri
1145 3015 1266 3081 vitium
1295 3013 1332 3077 s·

74 3110 92 3122 '‘
162 3102 235 3180 -rit,
258 3121 358 3163 nemo
376 3113 489 3186 tamen
504 3099 659 3166 veritatis
681 3097 850 3165 ltudiosus
865 3099 1043 3188 probabit,
1070 3101 1135 3166 etsi
1148 3117 1264 3168 nostra
1280 3113 1335 3164 aeta

170 3200 205 3255 te
226 3184 322 3250 idem
339 3184 617 3268 ferewobservare
638 3185 733 3266 licet,
756 3207 832 3249 cum
854 3207 922 3250 non
946 3209 1046 3273 quam
1066 3209 1168 3267 vere,
1197 3188 1257 3252 sed
1276 3207 1327 3273 qua
1341 3214 1349 3239 n

129 3309 132 3314 v
170 3271 357 3357 eleganter,
387 3291 488 3356 quam
516 3271 559 3336 ad
579 3271 789 3360 voluptatem
816 3271 1003 3358 parandam
1023 3293 1079 3338 res
1099 3287 1216 3360 gestae
1237 3292 1336 3337 enarra

168 3355 346 3440 taetsiut,
367 3357 472 3443 vulgo
496 3369 659 3454 quaerant
679 3358 832 3422 lectores.
876 3355 1033 3422 Celerum
1065 3379 1106 3422 eo
1129 3358 1222 3446 quod
1243 3358 1346 3448 mytho

168 3465 230 3506 seu
250 3439 400 3524 fabulas,
426 3463 575 3506 maxime
603 3442 640 3506 in
669 3443 720 3506 ori
746 3441 858 3506 inibus
881 3456 915 3506 et
939 3442 1196 3530 antiquitatibus
1229 3444 1336 3531 populo

111 3535 140 3592 ⁸.
167 3551 243 3593 rum
274 3549 313 3591 ac
351 3525 525 3612 ciuitatum
561 3465 788 3616 explicandis,
828 3527 865 3592 in
900 3527 1060 3594 historias
1093 3551 1169 3620 suap
1189 3521 1349 3594 admiscui

169 3611 327 3700 drogus,
361 3605 463 3680 fidem
486 3613 558 3678 eius
578 3613 717 3678 minime
737 3611 900 3700 infringi,
925 3637 976 3679 ,ex
999 3637 1101 3704 supra
1122 3613 1225 3679 dictis
1246 3610 1337 3682 intelli

168 3699 271 3790 gitur.
317 3691 482 3788 (luamvis
505 3700 593 3764 enim
620 3697 664 3764 iis
684 3700 797 3765 nullus
820 3722 959 3790 prorsus
976 3697 1104 3766 ‘fundus
1133 3723 1235 3810 quem
1255 3702 1336 3786 poeta

167 3804 245 3850 rumv
271 3787 460 3850 commenta
490 3785 681 3864 subessent,
716 3783 856 3856 minime
886 3797 1000 3850 tamen
1028 3788 1113 3852 haec
1149 3785 1264 3874 [rogo
1289 3780 1348 3848 riti

121 3943 124 3950 ,
166 3869 259 3936 verti
278 3883 429 3958 possunt,
452 3893 527 3936 cum
548 3893 617 3936 non
638 3869 712 3960 ipse
743 3869 870 3960 primus
894 3895 939 3936 ex
970 3873 1146 3957 poetarum
1174 3891 1337 3936 monumen

166 3955 210 4019 tis
232 3977 271 4020 ea
293 3955 329 4020 iu
349 3955 526 4022 historiam
548 3956 737 4038 admiserit,
769 3957 828 4020 sed
851 3981 896 4020 ex
919 3957 1140 4045 scriptoribus
1161 3957 1284 4046 potius,
1310 3975 1338 4017 ce

167 4041 326 4128 teroquin
354 4041 580 4128 gravissimis,
616 4042 711 4108 velut
741 4043 968 4132 Theopompo
999 4055 1033 4109 et
1060 4041 1153 4128 aliis,
1190 4027 1350 4131 equorud

168 4127 368 4222 auctoritate
389 4127 576 4215 pendebat,
598 4128 785 4218 repetierit.
859 4157 899 4192 ⁴.
1054 4163 1057 4170 ·
1349 4121 1350 4182 l

183 957 186 964 s
