2786 4856
481 285 864 364 attenues·
1089 289 1180 364 2911
1341 257 1385 275 Ἰ

38 472 254 564 Philippum.
296 442 415 561 ipsius
432 467 584 560 Philippi
610 491 666 536 res
694 483 808 558 gestae
833 432 943 560 usgue
962 473 1027 538 ad
1025 487 1161 566 captam

42 578 159 644 urbem
174 575 382 644 Mathonem.
423 572 607 670 Additae
595 597 634 643 ιι
654 575 1004 666 excessulllyriorum
1021 578 1161 684 etPaej·
1213 593 1221 606 “

42 703 146 748 onum
170 679 343 768 origines.
1125 702 1128 709 ·

187 883 192 900 '
300 877 561 950 Pnonoaue
600 879 750 948 Lusus
791 837 913 960 Vm

128 1050 257 1120 Octavo
291 1047 469 1150 volumipe
510 1049 727 1122 eontinentur
761 1079 818 1124 res
857 1013 975 1176 gestae
1009 1031 1166 1148 Philippi
1262 1041 1265 1048 ,

46 1154 119 1241 Mag
101 1155 174 1235 cni,
211 1169 289 1244 post
319 1173 451 1244 captam
484 1145 602 1222 urbem
624 1155 818 1225 Mathonem
848 1155 1058 1278 aprincipio
1080 1157 1165 1230 belli

44 1205 233 1338 Phocensis,
258 1261 350 1347 quod
373 1283 505 1324 sacrum
525 1275 650 1324 vocant
654 1285 783 1350 ,usque
806 1261 848 1328 ad
868 1257 1021 1330 finem
991 1288 1083 1330 etus.
1105 1264 1166 1330 iu-

43 1361 282 1450 terieoturnque
305 1362 385 1428 huic
405 1364 541 1442 bellum,
560 1363 650 1452 quod
674 1363 849 1454 Philippus
868 1389 943 1433 oum
959 1365 1165 1434 Chalcidicis
1262 1355 1285 1378 ⁹

40 1463 180 1528 urbibus
218 1465 341 1549 gessit,
380 1489 522 1554 quarum
561 1465 782 1536 clarissimam
817 1469 947 1542 delevit
976 1469 1166 1559 Olynthon.

40 1565 87 1632 Ut
115 1565 247 1656 Illyrici
281 1589 392 1656 reges*
413 1569 456 1634 ab
487 1591 533 1648 eo¹
565 1568 652 1636 victi
685 1572 780 1655 sdut3
823 1585 857 1637 et
885 1571 1036 1638 Thracia
1061 1586 1166 1661 atque
1265 1659 1266 1664 ἵ

43 1669 221 1736 Thessalia
241 1671 418 1739 subactae:
455 1685 489 1738 et
509 1695 576 1738 rex
598 1670 705 1758 Epiro
727 1673 826 1750 datus
847 1675 1068 1760 Alexander,
1090 1675 1167 1744 eie·-

42 1786 96 1839 cto
116 1775 256 1862 Aryha:
286 1787 321 1842 et
341 1775 467 1841 frustra
487 1773 669 1842 Perinthos
691 1790 900 1864 oppugnata.
950 1800 955 1808 ’
1072 1825 1078 1835 .

60 1941 80 2006 ⁴¹
323 1973 574 2042 Puonoous
615 1969 765 2040 Lssnr
805 1957 881 2044 lx.

127 2143 227 2211 Nono
260 2146 435 2212 volumine
464 2115 684 2229 eontinentur
710 2144 807 2224 haec.
856 2141 908 2214 Ut
935 2143 1119 2240 Philippus
1146 2172 1168 2227 a

4 2269 7 2276 '
35 2247 204 2318 Perintho
227 2261 423 2315 summotus
467 2247 630 2337 Byzantii
653 2245 812 2338 origines,
833 2273 851 2316 a
872 2247 968 2318 ouius
987 2253 1167 2324 obsidione
1190 2317 1192 2330 ,

36 2367 226 2418 summotus
256 2352 451 2456 Philippus,
482 2351 642 2440 Scythiae
673 2347 944 2419 hellum1ntul1t
987 2353 1168 2474 Repetitae

37 2455 122 2520 inde
145 2447 325 2544 Scythicae
346 2479 412 2536 res,
430 2455 486 2520 ab
495 2455 547 2520 his
569 2455 818 2548 temporibus,'
806 2479 841 2521 ιι
856 2456 997 2546 quibus
994 2459 1053 2526 illa
1067 2455 1166 2550 prius

36 2557 216 2638 finierant,
253 2583 360 2648 usque
396 2557 438 2628 ad
468 2557 618 2648 Philippi
651 2555 793 2638 bellum,
828 2560 1023 2646 quodcum
1049 2563 1168 2634 Athea
1235 2611 1240 2626 ι
1351 2542 1356 2552 ¹

35 2661 203 2750 Scythiae
225 2687 306 2750 rege
322 2659 437 2750 gessit.
481 2657 582 2728 Unde
596 2683 765 2753 reversus,
783 2657 949 2728 Graeciae
963 2663 1117 2732 bellum
1106 2663 1192 2736 trs-7⁸

33 2767 137 2847 tulit3
163 2765 333 2882 yictisque
357 2765 584 2846 Chaeroneae,
607 2789 682 2831 cum
705 2765 794 2830 bella
818 2759 955 2832 Persica
977 2765 1168 2856 moliretur,

34 2869 226 2960 praemissa
255 2874 361 2938 classe
388 2891 463 2935 cum
486 2867 644 2949 ducibus,
672 2893 693 2934 a
715 2868 881 2947 Pausania
904 2869 1077 2959 occupatis
1101 2897 1169 2940 an-

34 2975 180 3062 gustiis,
203 2973 397 3068 nuptiarum
420 2971 509 3036 filiae
531 2973 586 3037 die
608 2971 739 3038 occisus
763 2985 829 3054 est,
856 2971 1084 3064 priusquam
1075 2977 1168 3046 bella
1195 2981 1202 2997 ‘

33 3078 177 3146 Persica
198 3077 385 3142 inchoaret.
427 3075 607 3179 Repetitae
636 3097 691 3140 res
720 3075 801 3140 iude
824 3069 980 3142 Persicae
1011 3067 1166 3149 aDario
1277 3103 1316 3130 ἰ
1374 3105 1380 3117 ’

33 3183 172 3262 Notho,
202 3181 256 3247 oui
289 3180 450 3246 suecessit
477 3171 565 3244 filius
589 3169 807 3244 Artaxerxes
834 3201 898 3270 cog
901 3180 1035 3246 nomine
1061 3181 1168 3249 Mne·-
1160 3203 1171 3215 ·

33 3309 141 3352 mon:
177 3284 234 3372 qui
271 3297 347 3372 post
384 3283 524 3348 fratrem
553 3282 681 3372 Cyrum
703 3283 842 3364 victum,
865 3285 1027 3372 pulsaque
1055 3283 1166 3354 Cnido

34 3415 105 3481 per
134 3389 275 3456 Conona
305 3390 412 3452 classe
440 3383 802 3467 Lacedaemoniorum,
825 3385 951 3452 bellum
973 3409 1048 3453 cum
1070 3388 1185 3472 Eua--¹

34 3515 129 3584 gora
149 3515 233 3582 rege
256 3489 387 3580 Cyprio
408 3489 544 3579 gessits·
569 3487 787 3580 originesque
808 3487 918 3581 Cypri
936 3489 1117 3580 repetitae.

339 3687 593 3762 Prionoeus
633 3688 784 3760 Lases
825 3688 872 3758 X.

129 3862 273 3935 Decimo
293 3861 468 3934 volumine
495 3861 713 3936 eontinentur
736 3865 895 3938 Persicae
913 3892 982 3940 res.
1022 3867 1072 3941 Ut
1088 3867 1175 3958 Ara'

31 3987 209 4040 taxerxes
243 3971 399 4038 Mnemon
428 3970 621 4060 pacificatus
644 3996 719 4038 cum
740 3971 900 4061 Euagora
919 3995 1003 4064 rege
1026 3973 1167 4065 Cyprio,

29 4079 171 4143 bellum
191 4075 439 4194 Aegyptium
429 4097 464 4140 ιιι
485 4076 571 4140 urbe
589 4071 669 4142 Ace
690 4077 910 4166 compareritt
941 4077 1073 4168 ipsein
1096 4078 1168 4148 Ca·-

31 4179 152 4269 dusiis
164 4177 293 4256 victor
324 4177 557 4246 defectores'
546 4202 583 4246 ιιι
604 4178 693 4247 Asia
719 4193 923 4284 purpuratos
944 4203 1024 4255 suos
1045 4207 1169 4274 perse-
1222 4174 1225 4182 Δ

29 4287 150 4390 entus,
163 4282 313 4394 primum
331 4282 501 4422 Datamen
514 4283 725 4376 praelectum
736 4251 1007 4391 Paphlagonum,
1023 4309 1172 4390 quorum
1205 4353 1208 4358 .
1230 4281 1234 4293 “

959 4406 998 4471 19
1007 4395 1042 4447 ll
