2796 4866
405 323 826 383 Dlllissllio
1000 367 1003 376 ·
1125 331 1178 388 11

64 501 152 640 ugus
185 485 368 566 1131331333
408 488 649 571 disertissimus
685 489 820 572 floruit,
855 490 1028 582 totiusque
1041 553 1044 558 .
1058 493 1169 572 orbis.
1261 547 1264 556 .

62 599 93 642 ss
140 573 286 642 Graecas
313 574 527 666 potissimum
554 576 712 644 historias
738 577 862 644 Latino
883 599 1039 646 sermons
1063 583 1169 646 XLIV

62 660 279 734 voluminibus
300 665 507 750 composuit,
529 677 564 729 st
585 687 605 728 a
624 664 739 750 praeci
764 685 809 730 uo
831 679 1041 754 argumento,
1069 666 1170 754 regni

61 771 170 836 nempe
184 745 394 814 Macedonici
409 747 563 830 historia,
578 771 679 838 quarn
700 773 720 815 a
742 687 833 816 iibro
847 751 992 838 septimo
1009 751 1057 820 nd
1079 765 1170 840 qua·-¹

61 833 275 921 dragesimum
302 833 449 924 primum
485 835 700 933 exsequitur,
736 835 905 902 historias
930 836 1169 925 Philippicas,

5 931 10 1000 t
61 917 268 1008 Theopompi
295 925 458 1009 exemplo
483 919 668 1009 inscripsit.
710 919 841 990 Harum
867 945 915 1004 sc,
938 921 986 995 ait
1009 921 1172 1012 Iustinus,

59 1005 256 1094 parotium,
284 1027 361 1073 cum
381 1005 418 1070 iu
438 1005 525 1072 urhe
551 1017 763 1088 versaretur,
798 1006 995 1094 dignissima
1016 1031 1171 1100 quaeque

59 1088 243 1178 cognitione
270 1089 499 1181 excerpsisse,
526 1105 562 1157 31
586 1089 721 1158 omissis
741 1091 813 1172 his,
847 1115 933 1180 quse
950 1114 1015 1158 nec
1036 1115 1171 1182 cogno-

59 1174 165 1242 scendi
191 1178 371 1266 voluptate
396 1176 560 1258 iucunda,
596 1197 661 1244 nec
682 1179 842 1266 exemplo
864 1178 1053 1249 3333333313
1074 1181 1171 1246 iudi-

57 1274 155 1341 caret,
199 1261 307 1350 breve
340 1263 449 1330 veluti
471 1261 595 1328 florum
631 1265 868 1351 corpusculum
902 1262 1033 1329 fecisse.
1076 1265 1172 1333 sub..

56 1345 210 1419 iicinntur
223 1345 355 1414 Iustino
376 1347 412 1412 in
426 1347 609 1435 Bongarsii
629 1348 790 1427 editione,
807 1361 909 1435 atque
921 1349 1002 1414 inda
1023 1349 1060 1416 in
1083 1352 1171 1434 aliis,

56 1433 202 1520 Psclcgi
241 1437 319 1497 siue
364 1436 564 1522 periochae
611 1433 845 1498 historiarum
879 1433 1178 1521 Philippicarum

60 1518 160 1606 Trogi
187 1519 375 1608 Pompeii,
404 1517 572 1606 eiusmodi
591 1517 681 1598 fere,
704 1519 817 1606 qualia
838 1517 1059 1586 historiarum
1078 1520 1172 1591 livii
1299 1527 1312 1544 '
1355 1529 1359 1540 '

55 1617 247 1690 argumenta
270 1605 332 1669 sub
355 1603 450 1670 Flori
472 1604 610 1671 nomine
631 1605 805 1682 hahemus.
846 1603 919 1682 1113,
938 1603 980 1668 31)
997 1595 1180 1694 ipsiius-⁴

54 1701 136 1754 tasse
182 1687 313 1756 3313313
327 1689 458 1770 Trono,
474 1705 566 1755 certe
579 1711 649 1756 non
671 1713 690 1754 a
710 1689 839 1755 Iustino
854 1691 1038 1768 elaborate,
1053 1705 1173 1758 osteo·-

54 1775 141 1856 dunt,
157 1713 329 1843 iustinum'
351 1775 388 1842 in
404 1745 565 1862 ”epitome
587 1799 647 1840 sua
669 1775 825 1842 omisisse
847 1797 915 1848 non
936 1794 1052 1862 pauca,
1067 1777 1103 1854 in
1118 1779 1176 1848 his·

53 1883 105 1941 33,
133 1883 220 1948 quae
241 1861 475 1926 deterrarum
497 1861 566 1932 situ
587 1861 725 1950 Trogus
746 1861 940 1952 scripserat.
986 1860 1088 1942 Sunt,
1111 1863 1172 1952 qni

52 1945 217 2034 integram
249 1945 361 2032 Trogi
394 1945 571 2016 historiam
603 1947 719 2015 dicant
749 1945 855 2011 fuisse
887 1945 926 2014 in
957 1943 1172 2018 Bibliotheca
1210 2011 1213 2020 .

52 2030 248 2120 Merquerdi
271 2029 393 2102 Gudii:
430 2034 490 2098 ssd
511 2055 582 2104 non
604 2053 669 2120 ego
691 2031 850 2097 credulus
869 2031 950 2096 illis.
994 2032 1046 2106 113
1069 2035 1173 2102 etiam

52 2119 161 2184 Aldus
184 2118 355 2183 Manutius
383 2141 504 2206 magna
534 2141 594 2206 spa
620 2119 840 2194 reluctabat,
879 2115 992 2206 Trogi
1013 2119 1174 2193 historias
1214 2197 1216 2204 ,

53 2218 187 2268 exstare
209 2203 300 2291 apud
320 2204 465 2278 amicum
512 2204 655 2270 nendum
677 2205 815 2278 doctum
831 2227 870 2270 33
891 2217 1061 2292 spectatae
1080 2204 1173 2288 fidei,
1236 2267 1240 2275 ,

51 2288 288 2380 futurumque,
322 2303 358 2354 ut
380 2227 579 2378 propeiiiem
600 2290 637 2354 in
659 2291 767 2362 lucem
790 2291 981 2355 ederentur.
1025 2289 1092 2356 Sed
1115 2293 1175 2360 1113

53 2399 127 2462 spes
158 2399 247 2443 vana
275 2373 358 2454 fuit,
392 2398 502 2462 neque
526 2373 665 2462 Trogus
696 2375 846 2440 adhunc
869 2375 1175 2448 dicmlucemada

53 2461 178 2548 spsxit.
230 2457 327 2546 Quae
353 2461 444 2530 libro
472 2463 617 2524 XXXVI.
646 2459 828 2531 traduntur
866 2460 909 2524 de
937 2459 1090 2544 Iudaeis,
1133 2487 1174 2530 ea

52 2546 262 2612 illustrantur
282 2543 428 2636 partim,
456 2547 582 2633 partim
610 2545 819 2631 castigantur
846 2544 1175 2624 31313383133111
1302 2600 1306 2614 .

51 2631 88 2697 in
107 2656 179 2708 com
208 2631 310 2698 audio
332 2631 494 2698 historiae
515 2629 671 2696 irrdaicse
692 2655 711 2695 3
735 2631 914 2714 gentilium
936 2631 1072 2720 scriptis
1094 2636 1175 2700 ’331-

52 2720 150 2799 13313,
172 2657 326 2786 19333331.
350 2729 443 2782 1700.
465 2725 495 2782 8.
518 2715 667 2785 Videtur
687 2715 834 2788 Iustinus
855 2716 891 2780 13
914 2716 1068 2806 pluribus
1091 2743 1172 2785 usus

54 2803 163 2890 Trogi
183 2803 319 2883 verbis,
349 2801 439 2868 unde
472 2801 538 2868 vix
558 2799 679 2867 Iustini
700 2801 770 2866 3113
799 2803 842 2868 31)
865 2800 984 2888 Trogo
1007 2803 1116 2873 atiena
1137 2805 1175 2887 in

48 2893 208 2959 'sermone
238 2889 384 2976 vestigia
410 2902 575 2978 apparare
607 2885 659 2952 311
695 2884 744 2952 13.
779 2883 873 2954 Frid.
902 2884 1099 2954 Gronovius
1121 2893 1175 2974 lv,

54 2989 103 3041 10.
132 2976 328 3050 Observatt.
350 2997 428 3064 pag.
453 2982 523 3040 154.
556 2971 705 3042 Salanus
724 2985 777 3038 331
799 2971 914 3038 Μ33113
934 2971 1055 3038 Iustini
1075 2977 1177 3042 codi-

52 3063 148 3129 cibus
176 3061 320 3151 praefigi
349 3059 539 3159 speciosum
568 3058 643 3125 Tro
670 3058 678 3072 '
707 3079 848 3141 nomen,
877 3071 955 3126 ante
982 3062 1086 3129 multa
1107 3061 1177 3136 iam

54 3150 186 3214 saecula
208 3143 387 3237 deperditi.
428 3145 478 3212 Ita
500 3145 617 3234 Lupus
638 3082 869 3213 ihrraricnsis
896 3143 1002 3232 Epist.
1034 3157 1085 3212 20.
1107 3149 1178 3215 Pe..

54 3247 128 3299 trus
150 3233 320 3305 Blesansis
350 3229 458 3320 Epist.
481 3236 531 3307 85,
554 3235 605 3294 st.
645 3229 833 3298 Aeliredus
854 3227 1110 3298 Bcvsrlaccnsis
1130 3233 1176 3313 iis

54 3320 234 3389 annalibus
269 3317 404 3404 Regum
432 3316 629 3386 Britannias
662 3339 739 3406 pag.
769 3327 821 3392 24.
851 3329 887 3382 st
921 3315 981 3384 alii
1012 3317 1175 3404 iuniores,
1227 3379 1230 3389 .

55 3394 402 3506 quaudoPompeium
418 3402 574 3490 Trogum
597 3401 1177 3490 3113311331ἰηὶ33113333131313
1327 3479 1329 3494 Ι
1392 3465 1393 3484 ,

54 3495 172 3576 lrgnnt.
213 3492 403 3579 Narratque
442 3488 612 3564 eruditiss.
646 3487 901 3578 Wagenseiliu's
930 3489 966 3554 in
989 3487 1072 3560 Sata
1099 3515 1178 3580 pag,
1213 3545 1215 3557 .

57 3587 130 3646 571.
160 3575 339 3643 exsiluisse
366 3591 403 3642 se
423 3595 506 3664 prae
536 3571 678 3662 gaudio,
707 3597 783 3640 cum
802 3574 839 3640 iu
859 3573 950 3640 Bihl.
972 3574 1179 3644 Scorialensi

56 3663 166 3731 codici
187 3661 389 3751 praecipuae
410 3658 652 3748 magnitudinis
667 3657 744 3726 Tro
790 3683 824 3724 m
837 3659 1037 3750 Pompeium
1051 3659 1180 3735 inseris

21 3761 22 3764 ’
56 3763 151 3839 ptum
171 3747 326 3816 vidisset.
372 3749 502 3842 Quam,
525 3744 655 3818 dixisse
676 3769 743 3846 spu
794 3767 937 3848 sc,ego
958 3748 1181 3828 laetabaris

56 3907 264 3924 ,η-

97 3997 353 4083 legationum,
375 3995 495 4066 simul
515 4016 548 4064 st
570 3995 685 4066 anuli
705 3999 836 4064 curam
857 3999 1050 4064 hahuisse.
1075 3999 1184 4064 'Putet
1295 4061 1297 4064 .

97 4112 140 4150 ιω
160 4087 219 4148 hoc
239 4087 303 4173 ipsc
319 4085 398 4161 loco,
418 4089 559 4149 iniuriam
571 4089 649 4171 fieri
665 4087 875 4170 Iustinoinpusl
888 4087 1086 4174 Bonifatium
1104 4111 1180 4170 pag,
1324 4085 1329 4094 ’

97 4177 174 4236 438.
202 4174 347 4234 historiae
373 4171 526 4247 ludicrae,
555 4198 621 4244 oum
644 4177 779 4255 arguitur
804 4177 905 4257 Trogi
925 4178 1098 4238 memoriam
1120 4199 1182 4235 vo·-
1260 4211 1263 4226 ·
1392 4213 1393 4220 .

96 4257 191 4322 luisse
213 4257 344 4324 abolere.
387 4259 483 4326 Alios
500 4263 619 4344 Trogos
641 4259 734 4348 resins
747 4260 906 4326 Reinesius
926 4265 1011 4346 epist.
1030 4261 1071 4354 ad,
1084 4259 1182 4349 Hcs-e
1392 4223 1393 4230 1

5 4403 6 4406 ,
94 4371 241 4410 mannum
258 4369 333 4432 pag.
355 4352 447 4430 660„
471 4345 599 4418 11311333
622 4343 703 4414 alios
719 4372 792 4434 pag.
812 4353 906 4416 tto..
946 4405 948 4408 .
1286 4357 1288 4364 '
