2796 4866
325 307 844 366 ·ns1osrttto‘
1016 311 1173 372 11⁵l'1

165 473 308 564 epistola
329 473 417 543 Phil.
438 469 601 542 Beroaldi
622 470 665 542 ad
684 475 822 544 Petrum
837 475 980 546 Mariam
993 477 1163 551 Rubrum.

165 557 425 656 subiunguntur
446 575 606 651 quattuor
627 561 791 630 disticha:

205 647 337 710 Aurea
357 647 487 713 luscini
508 661 571 714 eto.

163 731 245 798 Post
275 753 362 820 quae
390 731 527 799 taudem
555 733 738 800 exhibetur
759 733 913 822 Epistola
934 730 1097 814 sabellini
1119 740 1164 807 ad

164 815 412 892 conterinum,
442 835 519 884 oum
541 820 813 908 subscriptione:
849 821 1060 907 Imprelsum
1085 826 1164 892 Ve-

114 919 118 927 ’
162 906 302 968 uetiam
325 902 405 986 [sio]
427 923 499 990 per,
523 909 732 992 magistrum
759 907 935 972 Ioannem
964 905 1163 976 Taeuinum

164 986 212 1050 de
238 981 387 1052 Tridino
409 992 459 1052 M.
484 988 651 1056 00000.
679 985 757 1057 VII.
781 990 842 1056 die
862 991 981 1058 XVII.
1003 995 1109 1062 Maii.
1124 1034 1164 1047 -

150 1072 290 1154 ¹Index,
333 1092 433 1161 quem
461 1074 632 1162 promittit
662 1075 781 1143 titulus
797 1075 902 1142 ‘huius
926 1068 1104 1161 editionis,
1126 1079 1163 1148 in

162 1179 202 1223 ea
233 1179 303 1223 non
331 1157 510 1248 reperitur.
553 1157 655 1232 Unde
685 1149 865 1240 Grisnovio
894 1173 970 1229 orta
1000 1165 1163 1253 suspicio,

8 1251 9 1262 ¹
124 1267 128 1272 ·
161 1263 236 1308 eam
264 1247 413 1308 vivente
448 1243 596 1331 quidem
623 1245 805 1310 Sabellico
839 1252 982 1334 prelum
1002 1252 1163 1322 subiisse,

162 1345 246 1417 post
267 1345 417 1392 mortem
438 1353 526 1393 vero
550 1332 658 1418 ipsius
682 1330 823 1396 demum
853 1331 905 1396 ad
914 1331 1163 1424 stnemsuisse

161 1413 398 1499 perductam.-
419 1413 597 1502 siquidem
615 1431 713 1478 anno
728 1413 874 1482 MDVI.
897 1423 1057 1483 animam
1075 1421 1160 1486 Deo
1283 1426 1288 1446 ⁴

163 1497 328 1565 reddidit
350 1501 489 1563 illustre
510 1499 604 1564 illud
617 1499 753 1565 Italiae
770 1499 946 1566 literatae
963 1527 1163 1571 ornamen-
1221 1545 1225 1551 ·

163 1601 249 1650 tum.
292 1582 343 1650 Cf.
366 1583 497 1650 Pauzer
520 1579 721 1666 'sonunt
744 1607 820 1676 pag.
847 1595 919 1654 385.
1213 1651 1217 1670 ,

161 1668 509 1750 MediolanensisiV.
526 1669 584 1736 fol.
612 1671 721 1758 Trogi
733 1671 902 1760 Pompeii
913 1669 1079 1739 Historia
1094 1695 1164 1764 per

161 1757 337 1821 Iustinum
359 1759 398 1820 in
420 1753 672 1843 compendium
693 1755 847 1822 redacta
864 1757 1032 1845 proxime
1052 1777 1163 1864 quam

163 1839 448 1907 emendatissime
471 1841 583 1906 edita.
628 1839 793 1906 lustinum
814 1843 1017 1910 comitantur
1037 1841 1161 1912 Morus

160 1941 195 1992 et
224 1925 351 2006 Rufus,
380 1926 418 1991 iu
446 1925 541 1992 ouius
563 1924 630 1992 fine
661 1926 815 1993 additur:
844 1929 968 1994 Habes
991 1929 1162 1996 Candide

159 2013 292 2078 Lector
321 2015 360 2075 in
387 2011 457 2076 lieo
476 2013 663 2076 uolumine
682 2029 757 2076 non
773 2005 893 2078 ‘minus
913 2017 1023 2080 utilia
1045 2037 1159 2104 quam

161 2097 286 2183 lepida
315 2097 445 2162 lentini
473 2101 513 2161 in
546 2097 722 2186 Magum,
753 2115 789 2162 et
815 2097 916 2164 lteri
936 2103 975 2164 in
995 2099 1160 2169 Livium:

160 2188 306 2271 insuper
337 2183 440 2247 Sexti
473 2177 571 2268 Iiuffi
603 2185 677 2247 viri
711 2185 910 2258 consularis
944 2185 1163 2272 Epithomas

158 2289 275 2356 nuper
306 2269 577 2355 castigatissime
603 2267 813 2334 Mediolani
843 2275 1030 2358 impressas
1058 2269 1162 2359 apud

157 2353 392 2418 Leonardum
418 2353 579 2440 Vegium.
620 2353 674 2418 M.
695 2354 745 2418 D.
766 2353 810 2418 X.
834 2357 939 2420 nonis
964 2353 1093 2444 Maiys.
1115 2393 1157 2408 —

159 2437 314 2506 Gronov.
336 2436 480 2526 praefat.
500 2439 634 2518 Bauzer
656 2437 758 2506 Tom.
780 2441 835 2505 lX.
858 2457 935 2530 pag.
959 2449 1031 2506 534.
1050 2441 1160 2508 libert

159 2549 236 2616 pag.
259 2534 333 2589 913.
355 2543 387 2588 u.
412 2533 526 2590 11123.
1026 2542 1027 2545 ’

9 2639 10 2642 ’
48 2613 291 2676 *Iustini
312 2609 476 2674 Historia
505 2629 552 2673 est
583 2607 699 2695 Traga
730 2609 907 2697 Pompeio
942 2619 1100 2692 ,uatuor
1121 2621 1159 2676 et

158 2701 313 2784 triginta
344 2695 424 2780 [sio]
458 2693 689 2786 epithemata
717 2697 882 2760 collecta.
956 2697 1159 2762 nertstert

154 2781 400 2868 Epithomata
431 2795 592 2868 quatuor
622 2789 732 2866 quam
753 2778 947 2844 cultissima
970 2778 1158 2846 indecem

162 2869 235 2932 Titi
258 2867 355 2930 Livii
378 2852 547 2930 decadas.
591 2863 697 2930 Sexti
725 2859 781 2930 ua
855 2859 1063 2933 Consularis
1083 2868 1159 2932 uiri
1199 2915 1202 2922 .

158 2953 209 3018 ad
227 2945 743 3036 Valentinianum‘Aagustum
786 2949 982 3014 eHistoria
1001 2946 1158 3017 rom'ana
1196 2987 1199 2998 ν

159 3061 247 3128 opus
263 3037 514 3125 dignissimum.
536 3033 665 3100 Nerua
682 3039 843 3100 cocceius
857 3048 903 3098 esc
918 3032 1029 3101 dione
1040 3035 1158 3102 Grae
1222 3052 1224 3062 ¹

158 3145 201 3188 co
224 3143 290 3214 per
315 3123 511 3208 Georgium
529 3119 712 3186 Merulam
733 3119 1041 3186 Alexandrinum.
1069 3121 1158 3188 Tra-

156 3214 264 3274 ianus
291 3205 420 3274 Nerua
454 3219 504 3270 eat
528 3203 638 3270 dione
670 3221 738 3292 per
777 3203 929 3284 eundem,
963 3204 1158 3274 Merulam.

156 3295 347 3361 Adrianus
382 3307 429 3357 eat
455 3291 566 3356 dione
591 3293 739 3378 graeco.
786 3287 1040 3378 Conflagratio
1073 3291 1158 3357 Ve-

156 3382 402 3448 saeuimontis
422 3393 468 3444 ex
481 3375 592 3442 dione
613 3397 680 3463 per
700 3374 948 3466 supradictum
960 3369 1157 3454 Merulam.
1201 3444 1205 3459 ,
1282 3441 1285 3452 ,

156 3468 201 3534 Ρ.
230 3465 386 3531 Victoris
416 3463 463 3527 de
495 3479 534 3526 re
559 3461 823 3527 ionibus.urbis
849 3459 989 3530 Romae
1016 3459 1175 3528 libellus·

156 3556 292 3617 unicus.
336 3548 496 3636 Sequitur
515 3485 794 3635 tdiumlrgubrump
813 3569 858 3613 ex
876 3559 945 3636 quo
966 3539 1059 3611 aiunt
1078 3570 1157 3614 ma-
1211 3587 1214 3592 ν

156 3637 283 3702 uifesto
304 3639 496 3723 apparere,
532 3633 618 3698 hano
649 3626 834 3698 editionem
864 3647 1024 3698 excusam
1050 3623 1157 3700 fuisse

156 3720 351 3788 Florentiae
371 3720 408 3785 in
428 3717 658 3808 typographia·
675 3717 827 3806 Philippi
843 3713 970 3798 qutae.
1011 3715 1063 3782 At
1083 3716 1156 3784 vid.
1276 3763 1283 3776 ·

154 3803 274 3873 Ebert.
297 3821 374 3896 pag.
402 3811 474 3871 ota.
495 3827 527 3871 u.
552 3808 666 3870 11124.
709 3801 959 3870 Praelatiouem
979 3803 1157 3890 praemisit

157 3893 270 3960 editor
289 3891 517 3992 Augustinus*
539 3885 737 3954 Bechariut
763 3885 999 3974 Mortarieusis
1031 3887 1162 3956 sacae·
1278 3949 1281 3954 .

156 3978 228 4044 dos.
271 3975 312 4044 Iu
339 3979 406 4042 hue
431 3973 467 4042 P.
489 3975 639 4044 Victoris
666 3974 811 4061 legiturt
844 3975 1058 4060 Impressum
1068 3975 1156 4062 fuit

157 4064 229 4128 tor
263 4085 351 4153 opus
383 4063 492 4127 Auno
532 4059 671 4128 domini
705 4057 756 4126 M.
798 4058 967 4142 00000.
1003 4057 1155 4126 decimo.

156 4147 265 4216 Nona
286 4143 444 4216 Kalend.
464 4145 629 4234 Augusti.
657 4145 731 4210 siue
757 4138 822 4212 loo:
845 4149 880 4210 et
901 4155 1038 4234 typogr.
1060 4155 1157 4222 tta-ff
1274 4221 1280 4230 ,
1372 4199 1375 4216 ,

157 4233 364 4317 Gronovius,
379 4231 438 4324 qui
459 4251 537 4298 usus
559 4237 610 4315 est
630 4231 693 4297 huo
714 4231 877 4308 edithua,
891 4233 981 4295 male
1001 4253 1076 4326 eam
1093 4257 1157 4299 re-

156 4319 232 4387 tulit
260 4320 306 4388 ad
333 4338 386 4388 au.
416 4325 512 4386 1500.
535 4317 615 4386 ideo
634 4317 757 4386 merito
777 4316 1004 4405 reprehensus
1026 4340 1046 4384 a
1066 4315 1156 4386 Gre-
1193 4393 1195 4398 ,

954 4433 1030 4523 B*
