2740 4854
187 293 277 344 aava
372 351 375 360 ¹
479 292 980 364 .·÷u.,u,n,nununn
1085 339 1087 346 .
1170 341 1174 348 .

103 457 109 469 '
178 475 258 544 quo
280 449 406 543 spissae
425 455 602 544 tenebrae,
631 452 669 522 in
715 453 902 530 tributuram
922 478 1118 536 versamur,
1144 453 1369 544 quodammode

189 543 308 606 saltem
329 538 512 627 dissipatae
533 553 655 606 essent.
735 565 828 608 erum
851 545 951 627 plane
975 544 1041 613 boc
1063 541 1217 628 neglexit
1238 535 1369 626 lustinus¹

189 649 410 713 campumque
423 625 486 692 ,sio
517 624 761 714 amplissimum
789 610 946 718 reliquit,
990 628 1026 694 in
1053 649 1122 715 qno
1152 623 1322 714 ingenium
1348 649 1369 691 a«

189 711 377 778 doctrinam
398 733 560 776 exercere
582 712 703 798 possis.
797 725 798 728 ’
1138 777 1140 782 ,

272 789 365 864 Nihil
385 795 490 882 igitur
512 796 603 861 aliud
625 797 754 862 resta're
776 796 876 864 facile
900 795 1057 884 apparet,
1096 819 1196 884 qnam
1219 807 1257 860 ut
1278 793 1369 858 lustin

117 939 120 962 ,
188 882 315 948 tradita
343 903 419 946 cnm
445 879 656 970 reliquorum
682 885 906 970 scriptorum,
942 881 1002 968 qui
1028 903 1106 950 sum
1136 895 1367 948 antecesserunt

186 967 384 1034 narratione
406 965 572 1032 conferas.
614 965 651 1032 In
673 988 759 1054 qno,
787 968 817 1032 si
838 965 1124 1054 comparationem
1146 990 1223 1034 cnm
1247 963 1289 1030 iis
1308 964 1369 1028 scri-

186 1054 360 1142 ptoribus,
382 1073 480 1138 ,quos
507 1053 565 1118 vel
593 1051 744 1140 integros
772 1053 828 1118 vel
850 1073 971 1138 magna
1000 1050 1117 1122 saltem
1139 1075 1186 1125 ex
1209 1066 1306 1140 parte
1332 1073 1369 1112 su-

187 1138 344 1227 perstites
371 1138 550 1219 habemus,
589 1136 783 1218 Herodem,
819 1137 976 1204 Diodoro
1003 1151 1038 1200 et
1066 1135 1159 1220 aliis,
1197 1133 1369 1208 institueris

171 1247 271 1300 „mox
300 1222 464 1288 lustinum
492 1221 529 1288 in
557 1223 673 1288 multis
705 1222 820 1288 abiis
842 1222 1089 1302 discedentem,
1132 1223 1169 1288 in
1192 1219 1269 1286 aliis
1293 1222 1369 1284 multa

169 1310 417 1399 supplentem,
449 1307 615 1372 invenies.
660 1306 738 1390 Quo
759 1307 836 1394 ipso
857 1307 1002 1394 pretium
1026 1307 1163 1394 quidem
1185 1305 1300 1396 operis
1322 1305 1369 1367 eiu

97 1403 100 1412 ’
160 1462 162 1470 ,
186 1395 325 1482 egregie
347 1393 479 1479 angeri,
514 1415 635 1460 verum
661 1393 933 1482 disquisitionem
961 1393 1004 1456 de
1026 1395 1098 1458 eius
1121 1391 1275 1457 lontibus
1297 1393 1369 1476 louge

186 1465 412 1554 difficiliorem
428 1477 545 1558 reddi,
567 1479 695 1544 clarum
710 1493 778 1558 est3
801 1502 875 1542 cum
893 1477 1046 1628 Trogum
1064 1475 1275 1565 Pompeium,
1297 1499 1369 1560 quen

186 1565 337 1634 lustinus
359 1561 558 1650 exscripsit,
584 1563 770 1654 scriptores
790 1562 940 1631 maxime
986 1563 1159 1650 sperditos
1179 1577 1261 1628 ante
1281 1563 1369 1628 oculu

174 1649 362 1739 babuisse,
391 1663 561 1738 appareat.
1212 1679 1214 1684 ¹

271 1907 368 1991 Quae
390 1929 466 1975 num
486 1905 533 1972 ita
557 1905 641 1985 sint,
662 1827 806 1974 sundirm
820 1907 929 1976 omnis
945 1903 1192 1998 disquisitionis
1207 1903 1308 1972 unice
1321 1903 1369 1969 fere

82 2009 87 2018 “
182 1995 393 2062 ,constituere
420 2007 564 2080 possunt
585 1997 766 2082 reliquiae
785 1996 1037 2060 historicorum
1062 1994 1297 2074 Graecorum,
1333 1985 1369 2078 qui

185 2080 276 2146 inter
297 2077 493 2164 deperditos
515 2095 758 2162 numerantur3
796 2078 1007 2168 omninoque*
1025 2079 1073 2142 ad
1091 2101 1165 2141 eam
1187 2101 1266 2143 cnm
1285 2076 1369 2141 fructu

185 2164 426 2231 instituendam
447 2164 505 2229 via
526 2165 655 2229 munita
676 2163 783 2244 soret,
813 2165 842 2230 si
864 2165 900 2230 in
921 2164 964 2228 iis
987 2161 1184 2251 colligendis
1207 2177 1306 2249 atque
1326 2184 1369 2225 ex-

211 2248 354 2316 onendis
386 2247 569 2340 diligenter
596 2265 732 2315 versata
761 2249 874 2314 forent
901 2248 1053 2322 virorum
1073 2249 1254 2314 doctorum
1277 2247 1369 2314 studia

184 2275 316 2403 l'erum
337 2335 402 2400 hoo
422 2333 533 2422 ipsum
556 2347 624 2416 est,
647 2359 693 2399 ex
713 2350 780 2422 qno
803 2357 952 2400 summae
972 2349 1152 2399 nascantur
1172 2331 1369 2406 difficultates

187 2419 351 2506 Quamvis
372 2419 462 2484 enim
482 2431 552 2482 tum
574 2444 593 2484 a
617 2420 740 2485 Vossio
756 2422 793 2507 *)
817 2419 960 2510 aliisque
982 2417 1127 2497 criticis,
1150 2433 1222 2485 tum
1244 2420 1280 2486 in
1301 2441 1368 2486 com·

185 2503 451 2570 mentationibns
473 2505 644 2584 societatis
666 2519 800 2571 nostrae
815 2505 899 2592 ss),
936 2507 979 2570 ds
1000 2503 1180 2570 historicae
1202 2506 1287 2571 artis
1307 2505 1368 2567 inter

159 2619 176 2654 a
186 2590 337 2658 Graecos
358 2603 436 2656 ortu
458 2603 491 2654 et
512 2590 740 2670 incrementis,
768 2605 801 2656 et
823 2589 866 2655 de
887 2589 1095 2680 singulorum
1116 2591 1173 2678 qui
1196 2612 1235 2654 su
1265 2589 1368 2655 erstitet

178 2676 285 2743 ¹nobis
300 2690 377 2741 sunt
391 2673 593 2762 scriptorum
607 2676 684 2758 fide,
707 2678 812 2742 multa
833 2678 1019 2742 luculenter
1041 2691 1140 2764 atque
1164 2615 1298 2740 erudite
1316 2674 1368 2736 dise

184 2775 303 2851 putata
324 2761 409 2841 sint,
439 2762 541 2848 plane
561 2773 673 2826 tamen
695 2763 803 2829 adbuc
825 2785 976 2828 caremus
999 2760 1197 2828 col-lectione
1217 2761 1367 2848 fragmen-

166 2862 317 2929 torum,
352 2867 438 2934 quae
465 2847 570 2932 multa
597 2859 710 2912 tamen
740 2863 773 2914 et
801 2847 937 2936 egregia
964 2847 1088 2936 passim
1114 2861 1313 2932 supersunt,
1342 2865 1367 2910 er

158 2933 174 3000 ¹.
186 2932 391 3019 scriptorum
413 2929 576 2996 historiae
598 2931 851 3017 deperditarum
872 2931 1112 3009 monumentis3
1135 2955 1203 3020 quo
1219 2957 1317 3019 qnam
1332 2937 1367 2995 arl

185 3019 254 3082 dua
275 3029 310 3084 et
330 3013 476 3080 difficilis
497 3014 659 3082 reddatur
680 3017 722 3082 de
744 3017 864 3082 lustini
888 3016 1038 3082 fontibus
1061 3012 1274 3103 disquisitio,
1296 3005 1367 3082 lacill

184 3098 386 3186 intelligitis.
429 3099 613 3186 Equidem,
635 3124 712 3167 cum
728 3103 791 3168 vix
807 3101 990 3191 quidquam
1005 3126 1058 3168 me
1075 3103 1304 3188 proiecturum
1320 3123 1366 3166 esst

185 3185 430 3272 intelligerem,
468 3183 535 3250 nisi
557 3185 752 3253 criticorum
774 3187 809 3252 in
832 3188 897 3256 hoc
921 3211 1045 3274 genere
1070 3189 1261 3254 litterarum
1283 3187 1366 3275 negli«

144 3279 146 3291 '
185 3272 321 3362 gentiae
349 3269 598 3358 quodammodo
626 3273 877 3355 subvenirem,
897 3273 1090 3362 priusquam
1114 3297 1167 3338 me
1190 3275 1232 3338 ad
1256 3293 1366 3369 operaq

186 3357 415 3442 accingerent,
436 3369 507 3420 turn
529 3355 599 3421 eius
622 3358 818 3447 scriptoris,
841 3359 883 3424 ad
906 3383 1009 3448 quern
1023 3357 1177 3445 Trogum
1194 3359 1365 3448 Pompeius

185 3441 335 3510 maxims
364 3462 439 3506 sese
468 3441 697 3528 composuisse
726 3443 816 3509 infra
843 3445 992 3524 docebo,
1037 3443 1280 3532 Theopompi,
1322 3459 1365 3530 tun

185 3524 502 3614 veroreliquorum,
524 3549 609 3614 quos
623 3551 698 3593 eum
712 3551 795 3617 prae
817 3531 937 3598 ceteris
959 3529 1024 3596 sibi
1044 3527 1145 3594 duces
1169 3531 1312 3618 elegisse
1332 3530 1365 3594 in«

185 3613 395 3701 telligerem,
415 3609 593 3711 reliquias,
617 3611 654 3678 ‘si
676 3635 742 3680 non
766 3617 901 3695 bmnes,
929 3615 1079 3680 maxime
1099 3628 1209 3680 tamen
1233 3615 1365 3714 insignes

186 3695 349 3786 colligere
369 3693 520 3780 institui}
559 3720 622 3764 nec
645 3697 720 3766 leve
741 3700 896 3774 mihimet
921 3699 990 3794 ipsi
1009 3723 1063 3768 me
1083 3699 1295 3792 praesidium
1312 3699 1364 3768 rud

185 3784 341 3878 parasse‘,
366 3805 413 3848 ex
431 3779 649 3873 sequentibus
669 3785 858 3876 apparebit.

185 3937 394 3992 ...ff-...-

227 4031 259 4118 *)
282 4029 319 4092 ln
339 4049 426 4111 opere
446 4023 484 4087 de
503 4025 653 4090 historicis
675 4026 835 4108 Graecis„
925 4096 928 4102 ,
956 4115 959 4120 ,

116 4129 120 4134 .
227 4132 271 4222 ⁸⁴)
306 4129 355 4218 Cf.
391 4131 507 4217 Heynii
540 4137 797 4196 commentationes
830 4147 890 4196 nrm
926 4132 968 4194 tle
994 4133 1183 4220 fontibus
1218 4133 1363 4196 Diodor

135 4291 139 4310 .
214 4217 219 4224 “
268 4212 516 4364 ·Sicnli,dtum
542 4216 1071 4308 detlistorioescribendue
1091 4219 1194 4300 inter
1218 4220 1361 4284 Graeco

267 4325 412 4386 premor
446 4328 508 4370 aas.
1157 4329 1160 4338 s
1362 4317 1363 4325 ’
