2708 4858
696 175 715 213 ἢ

255 290 360 369 206·
634 289 993 361 susrsns'

154 471 157 481 ’
262 477 399 566 tigonns
419 483 515 540 tutor
527 467 635 552 datus,
649 485 786 558 accepta
808 469 844 535 io
865 453 1232 536 matrimonium'mure
1244 470 1346 558 pupilli,

212 573 253 650 '11'
264 600 379 667 regem
402 597 439 644 sa
460 573 617 644 constitui
641 573 828 640 taborabat.
872 572 1054 638 Interiectu
1074 571 1197 636 deinde
1216 587 1347 660 tenpore,

261 705 337 752 cum
359 679 527 748 seditione
548 675 672 744 minaci
695 675 932 757 Macedonum,
954 677 1085 742 clausus
1106 674 1143 740 in
1162 673 1255 762 regia
1273 689 1347 741 tene-

211 801 251 857 12
263 801 371 863 retur,
391 784 427 851 in
448 779 620 874 pubiicum
641 779 713 846 sine
735 778 937 846 sateltitibus
957 778 1131 868 procedit;
1160 777 1346 867 proiectoque

258 893 298 960 in
324 889 450 978 vulgus
477 885 666 952 diademate
697 907 736 950 ac
760 905 926 972 purpura,
962 880 1055 947 dore
1076 881 1170 946 boec
1190 901 1246 946 eos
1266 885 1345 946 alteri

220 969 366 1078 ''idne'u
394 993 458 1080 qui
480 1005 546 1054 our
567 992 748 1076 imperare
776 989 848 1052 ills's
875 988 1035 1055 nesciae,
1073 999 1140 1049 out
1162 988 1221 1049 cui
1246 1006 1345 1072 parere

211 1107 249 1166 13
262 1103 329 1188 ipsi
356 1097 493 1187 seiont.-
534 1110 572 1157 se
599 1091 723 1155 adduc
749 1087 964 1154 invidiosum
994 1087 1089 1152 illud
1110 1094 1272 1175 regnum,
1296 1112 1343 1152 non

210 1198 527 1288 tdvolupeotibus,
547 1193 611 1260 sed
632 1187 814 1258 lo'boribus
836 1215 881 1256 oc
900 1193 1069 1279 periculis
1089 1195 1232 1256 sentire.
1269 1189 1345 1256 Con-

259 1315 425 1372 memorat
447 1299 569 1366 deiude
586 1295 749 1363 beneficia
772 1319 850 1362 sua:
878 1311 919 1360 ut
941 1293 1185 1386 defectionem
1204 1297 1344 1378 sociorun

211 1470 213 1478 ,
258 1406 525 1474 vindicaverit:
559 1418 600 1465 uc
621 1397 840 1469 Dardanos,
880 1397 1135 1485 Thessalosque
1162 1399 1343 1465 exsultantes

258 1527 374 1578 morte
394 1507 575 1572 Demetrii
595 1505 688 1591 regis
709 1505 985 1588 compescuerit:
1015 1516 1057 1564 ut
1074 1499 1234 1588 denique
1255 1500 1344 1587 digni-

150 1677 161 1694 ,
259 1631 373 1680 tatem
389 1606 633 1674 Macedonum
654 1627 729 1670 non
749 1601 862 1670 solnm
883 1602 1106 1694 dffenderir,
1120 1621 1244 1669 verum
1265 1609 1342 1668 ezion

208 1727 247 1786 15
260 1717 416 1781 auxerit.
465 1713 624 1800 Quorum
650 1712 681 1773 si
700 1709 782 1774 illos
808 1711 1017 1797 poeniteat,
1042 1705 1227 1796 deponere
1248 1731 1281 1773 se
1298 1712 1343 1772 in-

258 1824 411 1909 perium,
428 1833 463 1880 et
484 1811 639 1876 reddere
660 1813 732 1874 illis
752 1818 877 1876 mustus
897 1833 1021 1876 suum:
1043 1814 1112 1898 ipsi
1126 1833 1244 1899 regem
1258 1809 1350 1899 quoe-i

209 1933 247 1992 to
260 1940 354 2001 rone,
372 1922 431 1984 cni
452 1921 638 2004 imperent.
676 1911 760 1980 Cum
783 1916 927 2003 populus
947 1914 1078 2004 pudure
1091 1927 1213 1997 motus,
1228 1916 1341 2002 recipere

258 2049 334 2091 enm
356 2045 496 2109 reginum
519 2019 668 2092 iuberet,
691 2031 759 2080 tam
782 2019 840 2084 diu
863 2017 1043 2108 recusarit,
1065 2018 1180 2105 quoad
1201 2019 1341 2086 seditionis

147 2202 149 2215 Α
241 2119 412 2192 ¹auctores
434 2118 601 2210 supplicio
624 2121 848 2185 traderentur.

229 2245 245 2298 1
342 2229 435 2294 Car.
458 2249 505 2290 ιν.
522 2255 537 2284 a
553 2225 630 2290 Post
653 2225 736 2288 haec
754 2224 878 2288 bellum
896 2223 1069 2313 Spartanis
1089 2223 1211 2290 insert:
1233 2229 1285 2315 qui
1300 2231 1340 2294 soti

185 2373 189 2382 ·
214 2333 217 2340 ’
246 2329 405 2419 ‘Pnitippi
437 2326 697 2414 Alexandrique
728 2327 844 2407 bottis,
863 2339 905 2392 ¹et
936 2325 1113 2415 imperium
1140 2327 1339 2414 Macedonum,

225 2447 289 2505 2et
314 2433 469 2502 omnibus
493 2431 668 2496 metuenda
690 2453 779 2494 arsna
804 2443 1058 2496 contemserunt.
1100 2429 1194 2496 luter
1215 2437 1287 2499 duas
1299 2460 1339 2500 nc-

179 2560 181 2568 ’
257 2539 437 2607 bilissimas
465 2547 582 2622 gentes
613 2534 734 2596 betium
767 2533 904 2597 suminis
936 2532 1106 2621 utrimque
1138 2534 1267 2601 viribus
1286 2539 1338 2602 init:

256 2667 329 2710 eum
355 2641 387 2706 hi
411 2659 473 2728 pro
495 2650 610 2702 vetere
634 2635 852 2702 Macedonum
880 2635 999 2723 gloria,
1019 2635 1068 2700 ini
1092 2657 1160 2703 nou
1184 2644 1283 2705 sotum
1301 2663 1349 2728 pso}

225 2747 386 2818 siitibata
418 2743 596 2816 libertate,
626 2739 684 2803 sed
716 2739 815 2803 etiarn
845 2761 907 2828 pro
936 2741 1042 2804 saluta
1064 2759 1242 2808 certarent.
1279 2745 1349 2810 tuit

254 2843 534 2920 Lacedaemonii,
570 2863 637 2906 non
667 2841 733 2926 ipsi
762 2854 909 2922 tanturn,
944 2865 1063 2908 verum
1093 2844 1195 2912 etiam
1218 2847 1338 2933 coniuges

129 2993 133 2999 -
225 2949 425 3037 tliberiqne
452 2967 574 3032 magno
603 2943 715 3008 animo
733 2943 1062 3046 ‘fortunasnltuter'e
1113 2949 1222 3016 Nemo
1249 2951 1338 3038 quippe

255 3055 291 3120 in
321 3051 392 3118 acie
419 3047 518 3116 satuti
549 3048 718 3136 pepercit:
764 3050 854 3117 uuita
884 3047 1039 3114 amissum
1062 3052 1240 3141 coniugem
1261 3054 1338 3118 flevit:

256 3157 400 3223 fitiorum
424 3167 566 3219 mortem
590 3173 685 3221 senes
710 3151 908 3216 laudabunt:
943 3153 1094 3238 patribus
1117 3155 1154 3220 in
1177 3157 1247 3222 acie
1265 3157 1336 3223 caesis

254 3259 316 3325 fitti
347 3243 620 3360 gratulabantur:
662 3276 754 3318 snam
786 3251 894 3320 vicesn
924 3275 1040 3322 osrsncs
1070 3259 1248 3339 dolebant,
1277 3259 1337 3346 qnod

137 3355 139 3362 ¹
227 3372 326 3428 bnon
353 3378 384 3427 et
407 3361 470 3450 ipsi
497 3380 560 3448 pro
582 3356 711 3446 patriae
737 3357 895 3421 libertate
925 3357 1134 3424 cecidissent.
1180 3363 1336 3428 Potentibus

249 3487 373 3530 ’omnes
409 3464 564 3530 domibus
600 3460 730 3526 saucios
760 3445 994 3548 excipiebant,
1031 3463 1171 3529 vulnera
1202 3468 1337 3542 curabant,

227 3570 364 3635 elassos
401 3565 605 3632 reficiebant.
648 3563 741 3628 Inter
770 3564 853 3629 haec
882 3565 991 3632 nultus
1021 3562 1056 3630 in
1086 3575 1170 3632 urhe
1204 3568 1337 3655 strepitus,

237 3672 349 3736 ¹indta
369 3669 568 3757 trepidatio:
595 3666 703 3756 magis
724 3688 840 3733 omues
861 3651 1048 3764 publicam,
1078 3693 1179 3759 quam
1206 3673 1339 3762 privatam

498 3897 500 3904 .
609 3866 681 3908 mv.
703 3863 794 3906 ntor.
815 3862 938 3907 enm.

411 4016 427 4046 ·
703 3981 867 4013 ..ω-ί...-

191 4133 202 4146 -
299 4091 381 4154 Car·
400 4111 449 4154 tv.
471 4084 497 4171 i.
521 4097 551 4154 3.
595 4089 772 4150 sedetiam
793 4091 942 4172 coniuges·

359 4188 361 4192 ⁵
470 4194 495 4272 ᾗ.
520 4197 551 4254 4.
596 4191 676 4277 quod
695 4217 754 4254 non
776 4196 844 4276 ipsi.

470 4299 495 4380 t.
517 4301 548 4358 5.
592 4295 713 4371 Omissa
733 4298 829 4362 verbs
851 4295 948 4378 iussos
969 4299 1149 4386 reficiebant.
1194 4347 1196 4361 .
