2740 4854
182 297 312 348 exsui
605 301 641 348 s.
663 299 701 351 tr.
725 295 760 348 u.
783 296 955 346 aenaea
1055 267 1061 330 ἶ

181 461 336 540 dixerat,
374 473 414 524 ut
445 456 594 548 vestigia
631 457 703 525 eius
741 446 951 546 iu-singulis
980 457 1175 548 relinquere
1202 457 1359 534 dubitaret,

179 546 285 614 Multa
306 543 395 610 enim
417 558 504 628 sunt,
525 569 611 634 quae
627 544 811 626 immutata,
830 545 934 609 multa
956 543 1059 608 etiam
1080 547 1165 632 qua'e
1185 545 1285 637 magis
1303 543 1359 620 err-l

180 644 299 698 ornata
321 630 510 696 videantur.
560 629 672 720 Mytbi
693 644 804 696 autem
824 643 896 695 tum
919 630 961 694 de
982 629 1071 696 Nino
1094 643 1127 694 et
1149 630 1359 714 Semiramidis

105 731 107 736 “
178 731 251 784 tum
278 716 328 780 'de
360 714 446 806 Cyri
472 716 618 804 pueritia
650 725 749 806 quarn
776 717 874 783 varie
901 715 1020 786 traditi
1050 729 1082 780 et
1112 715 1231 782 inflexi
1264 718 1318 782 siut
1339 707 1359 782 ai

180 801 320 870 Graecis
347 801 585 891 scriptoribus,
628 801 764 868 abunde
783 813 914 866 constat
934 813 1006 866 tum
1028 825 1074 866 ex
1096 798 1265 884 Diodoro,
1290 817 1359 882 ‘tun

108 945 113 960 ,
179 882 226 954 ex
247 886 424 954 Herodoto
445 891 498 970 ῆς
541 911 662 976 quare,
695 887 758 952 etsi
779 885 912 952 Ctesias
934 885 970 951 in
992 889 1062 952 Ass
1090 886 1190 954 riacis
1212 903 1244 953 et
1264 887 1359 960 Hem-t

178 973 253 1042 doti
278 969 379 1038 iniis
400 995 486 1060 quae
508 973 551 1038 ad
573 973 701 1063 Cyrum
723 973 893 1072 pertinent
914 973 1040 1060 tradita
1069 973 1173 1060 I'rogi
1194 973 1351 1040 narrationi

176 1059 275 1127 fundi
296 1058 404 1124 instar
424 1059 561 1123 subesse
583 1059 735 1125 dubitari
757 1071 918 1148 nequeat,
949 1069 1063 1124 tamen
1085 1059 1228 1124 aliorum
1246 1063 1359 1147 quoqusl

177 1145 399 1232 scriptorum,
434 1156 472 1208 ut
491 1145 649 1209 Dinonis
668 1143 829 1221 fortasse,
866 1145 960 1210 cuius
990 1146 1026 1210 in
1055 1145 1158 1210 rebus
1185 1137 1350 1235 Assyriacis

88 1272 90 1276 ,
176 1251 333 1318 magnam
355 1228 459 1294 fuisse
481 1229 715 1296 auctoritatem
737 1230 910 1310 novimus,
934 1230 1185 1298 commentariis
1207 1255 1280 1296 usus
1299 1254 1350 1296 esse

174 1317 323 1386 viderur.
365 1313 548 1402 Equidem,
570 1329 609 1379 ut
633 1308 742 1381 dicam
790 1317 855 1382 uod
879 1315 1011 1396 sentio,
1033 1316 1190 1404 Trogum
1211 1317 1286 1383 haec
1304 1337 1359 1394 uon,

176 1427 225 1470 ex
246 1400 332 1500 ipsis
350 1399 446 1466 hisce
467 1399 706 1487 scriptoribus,
728 1339 788 1468 sed
808 1425 852 1466 ex
874 1401 1102 1488 Theopompo
1119 1401 1229 1490 potius
1245 1401 1359 1490 petiisse}

177 1508 348 1574 suspicor,
381 1507 427 1550 ex
448 1507 515 1573 quo
536 1485 706 1572 mythice,
734 1487 878 1576 quaein
901 1504 987 1576 opos
1010 1507 1106 1553 suum
1126 1488 1268 1576 recepit,
1293 1487 1359 1578 tan-l

175 1587 249 1639 tum
270 1593 340 1638 non
362 1570 474 1638 omnia
495 1571 602 1658 petita
625 1595 715 1655 esse,
748 1573 883 1638 abunde
903 1573 1073 1638 docebunt
1096 1575 1194 1662 plura
1215 1574 1359 1658 exemplat

136 1687 138 1696 ⁴
174 1658 268 1726 infra
289 1681 308 1721 a
330 1679 383 1722 me
403 1658 706 1738 commemoranda.
750 1656 907 1724 Ceterum
936 1657 971 1722 in
1000 1681 1037 1723 re
1067 1659 1199 1724 incerta
1226 1660 1268 1724 nil
1289 1653 1359 1728 certil

176 1743 342 1810 affirmare
364 1741 489 1821 audeo;
519 1767 598 1820 nec,
633 1765 708 1808 cum
735 1744 777 1808 de
794 1743 932 1832 'mythis
956 1741 1010 1808 hio
1038 1759 1237 1832 quaeramus
1262 1731 1359 1808 incer-l

175 1846 231 1896 tae
252 1827 353 1908 fidei,
374 1827 515 1892 'diutius
536 1827 571 1892 in
594 1827 687 1898 hisce
708 1829 867 1910 haerere,
899 1851 1024 1918 operae
1045 1829 1191 1916 pretium
1214 1843 1270 1896 est.
1312 1827 1351 1892 lh

175 1914 297 1982 eodem
322 1927 434 1978 autem
449 1911 549 1978 ,sonte
571 1915 702 2000 reliqua
725 1937 877 2002 quoque,
900 1939 986 2002 quqe
1010 1917 1052 1979 de
1077 1915 1161 2004 Cyri
1182 1914 1351 2002 expeditio-

71 2029 76 2044 ⁴
173 2000 273 2073 nibus
296 2022 334 2064 ac
356 1999 457 2064 rebus
479 1997 581 2085 gestis
602 1999 723 2078 habet,
751 2001 869 2066 hausta
893 2023 967 2066 esse
986 2001 1164 2088 videntum
1182 2059 1183 2062 ,
1201 2001 1350 2066 ubimulta

175 2098 271 2163 sunt,
292 2084 329 2150 in
375 2083 473 2149 uibus
496 2085 538 2148 ab
561 2083 737 2150 Herodoto
760 2084 921 2165 discedi13
944 2109 1020 2153 cum
1043 2101 1161 2152 contra
1183 2087 1350 2176 episcdiun,

138 2205 139 2209 ,
174 2170 269 2262 quod
290 2109 533 2256 de‘iydorum
554 2168 693 2256 regibus
714 2168 906 2236 intexuerat
927 2171 1005 2256 Μ),
1042 2175 1215 2260 'quantum
1244 2172 1350 2260 quiden

175 2281 223 2322 ex
242 2251 372 2322 Iustino
393 2254 553 2342 colligere
573 2255 661 2345 licet,
684 2255 742 2342 qui
762 2257 868 2321 solam
891 2270 1020 2322 tantum
1036 2257 1148 2348 Gygis
1171 2257 1205 2322 et
1222 2256 1350 2323 Candau-

173 2343 219 2408 tis
247 2339 398 2406 fabulam
427 2339 626 2426 exscripsit,
665 2361 711 2404 ex
733 2337 909 2407 Herodoto
933 2343 1121 2408 desumtum
1143 2343 1204 2425 sit3
1238 2365 1279 2408 ex
1303 2355 1359 2426 quot

100 2473 102 2478 -
157 2425 356 2516 -Cambysis
397 2447 506 2512 ooque
520 2439 552 2489 et
563 2421 657 2490 Darii
668 2423 847 2516 Hystaspis
862 2426 1002 2515 petitam
1018 2451 1090 2494 esse
1104 2427 1276 2494 historiam
1287 2427 1359 2504 *illd

174 2511 320 2602 quilibet
339 2450 445 2576 vider.
483 2508 611 2576 Persici
625 2513 739 2578 saltem
754 2513 849 2600 regni
870 2511 1020 2580 initiaret
1042 2535 1240 2602 progressus
1257 2511 1351 2578 Theo-

173 2619 345 2688 pompum,
361 2619 460 2686 quern
478 2619 577 2683 saepe
592 2596 634 2661 de
644 2596 755 2662 Persis
768 2599 916 2670 locutum
928 2621 1000 2664 esse
1013 2614 1045 2664 et
1056 2600 1144 2667 ratio
1161 2597 1359 2690 operis****lt

173 2697 207 2749 et
229 2683 418 2770 fragmenta
440 2705 486 2746 ex
508 2703 548 2752 eo
572 2695 705 2768 servata
720 2683 758 2768 †)
778 2683 918 2762 docent,
942 2684 1107 2772 attingere
1127 2685 1288 2762 debuisse,
1306 2681 1359 2760 vixi

80 2773 84 2792 ¹
172 2768 394 2835 dubitaveris.
437 2765 576 2855 hlytbos
593 2781 768 2854 praeterea
790 2771 834 2834 de
852 2771 1104 2860 Aegyptiorum
1119 2771 1258 2838 urbibus
1275 2771 1359 2835 ideo-t

196 2877 239 2919 ue
261 2855 303 2918 de
317 2853 571 2941 Aegyptiorum
593 2851 792 2941 antiquitate
810 2853 847 2920 in
869 2855 993 2920 librum
1015 2857 1104 2924 bunc
1124 2857 1277 2948 primum,
1297 2875 1351 2919 curu

167 2876 216 3005 ‚de
231 2937 416 3027 Cambysis
437 2937 472 3002 in
496 2939 694 3026 Aegyptum
716 2938 907 3026 irruptione
930 2941 1136 3030 loqueretur,
1159 2940 1359 3012 immiscuisse,

172 3021 502 3111 Trogum,'legimus
524 3021 559 3092 iu
581 3022 748 3092 librorum
764 3025 995 3113 argumentis3
1017 3050 1136 3095 verum
1158 3028 1201 3094 de
1221 3027 1270 3094 bis
1289 3017 1351 3090 nihil

158 3109 342 3198 *excerpsit
362 3107 517 3174 Iustinus.
1123 3110 1125 3116 '
1197 3189 1199 3196 Α
1358 3117 1359 3186 ἶ

244 3365 363 3435 Libro
392 3369 549 3434 secundo
579 3369 772 3434 continetur
799 3383 871 3436 tum
894 3367 1072 3439 Persarum
1095 3374 1237 3442 historia
1256 3371 1352 3440 iudea

108 3455 112 3464 ’
170 3455 270 3524 Darii
290 3455 327 3522 in
348 3449 491 3543 Scythas
514 3454 733 3543 expeditione
753 3478 860 3544 usque
882 3461 925 3522 ad
946 3450 1078 3525 Xerxis
1102 3461 1281 3540 interitum,
1301 3471 1359 3520 tunt

169 3539 436 3618 Atheniensium
458 3551 491 3605 et
517 3539 760 3606 Thessalorum
781 3541 941 3632 origines.
984 3545 1163 3632 Praemisit
1184 3561 1291 3611 tamen
1304 3525 1359 3618 err-i

99 3678 102 3696 t
147 3650 306 3722 ‘cursum
328 3627 372 3694 de
394 3623 600 3716 Scytharum
621 3625 834 3718 originibus,
847 3652 920 3722 cap.
935 3629 1037 3702 l-V.
1053 3633 1135 3700 satis
1154 3631 1287 3724 copiose
1304 3650 1353 3694 ex·

211 3915 242 3992 *')
263 3911 383 3976 Herod.
404 3911 432 3990 1,
455 3916 528 3978 195.

187 4081 191 4090 ,
211 4013 257 4100 **)
276 4014 381 4081 lustin.
402 4017 429 4094 l,
453 4024 483 4080 7.
503 4015 547 4104 cf.
565 4000 687 4107 prologi

198 4115 270 4220 aa)
293 4117 328 4195 1,
348 4125 367 4182 9
375 4109 390 4196 ,‘
410 4125 485 4192 rs„

208 4220 284 4307 W)
306 4221 357 4310 Cf.
379 4225 512 4309 querele
533 4251 566 4289 eo
588 4226 801 4312 disputavimus
821 4235 852 4294 in
875 4232 1036 4300 Commeat.
1055 4238 1167 4322 primo·
1202 4281 1243 4328 (ι,-

151 4323 154 4339 ’
180 4418 181 4422 p
206 4321 246 4406 a)
269 4321 314 4387 ν.
335 4351 363 4392 a.
387 4325 442 4395 tu.
463 4330 562 4428 XIV·
584 4331 629 4421 cf.
649 4333 768 4402 maen,
781 4361 855 4422 pag.
872 4323 946 4404 iss.
978 4381 981 4404 ,

378 4544 380 4552 r

377 4565 380 4576 ι

393 4733 396 4740 ι

265 4763 269 4777 Ι
