2708 4858
698 250 715 286 Ι

247 301 875 418 usir'onsn'ssnwisns.
1049 323 1123 398 195

8 527 114 597 perere
133 527 170 571 se
191 527 293 594 posse
312 503 377 570 nisi
398 503 530 571 Gallica
551 503 679 572 virtute
702 503 955 572 arbitrarentur.
996 505 1166 600 Itaquess
1207 555 1208 558 =
1247 575 1251 584 ,
1335 534 1336 560 t

8 611 36 678 in
55 608 214 696 auxilinm
238 633 257 674 a
277 605 460 698 Bithyniae
482 627 564 695 rege
591 607 760 690 invocati,
802 631 946 698 regnum
973 633 1049 677 cum
1070 603 1113 681 eo
1165 636 1170 646 “
1290 611 1293 619 ‘
1335 607 1336 616 ¹

8 732 90 804 parta
110 712 256 798 victoria
278 707 493 796 diviseruut;
522 733 662 799 eamque
687 711 865 800 regionem
890 713 1115 803 Gallograe-
1239 705 1241 714 ¹

9 821 89 881 eiam
110 815 446 903 cognomineverunt.
805 873 807 883 ,

79 917 170 984 Gsr.
193 942 246 987 111.
291 918 380 985 Dum
408 917 551 984 baecin
582 917 670 986 Asia
698 931 877 1008 geruntur,
906 915 1143 1008 inteiimliut

9 1021 108 1090 Sicilia
132 1021 287 1112 Pyrrhus
309 1045 328 1087 a
350 1021 473 1090 Poenis
494 1021 608 1089 navali
630 1021 761 1114 praelio
782 1020 910 1106 victus,
939 1024 983 1090 ab
1002 1023 1129 1091 Anti-·

9 1148 101 1216 gono,
118 1119 340 1192 Mecedoniae
359 1147 453 1215 rege,
475 1127 744 1214 supplementum
767 1123 911 1192 militum
932 1117 995 1220 p'er
1014 1128 1114 1223 lega-

9 1243 51 1295 tos
70 1228 167 1318 petit;
197 1227 419 1310 denuntians,
448 1233 489 1292 ni
517 1233 658 1298 mittut,
689 1227 811 1308 redire
838 1227 880 1294 sc=
904 1232 942 1294 in
964 1244 1144 1318 regnum

9 1355 129 1398 necesse
147 1331 303 1414 habere,
333 1335 556 1396 incrementa
576 1350 715 1402 rerum,
750 1353 847 1420 quae
876 1331 923 1398 de
943 1331 1115 1402 Romanis
1155 1387 1158 1394 .

9 1438 166 1506 coluerit,
191 1435 240 1499 de
261 1439 338 1524 ipso
362 1438 616 1523 quaesiturum.
660 1433 762 1518 Quod
792 1435 852 1500 ubi
880 1449 1037 1524 negatum
1058 1439 1145 1511 le-3
1229 1495 1243 1509 ,
1277 1449 1282 1464 “

10 1537 64 1624 gati
83 1539 281 1620 retulerunt,
302 1537 523 1604 dissimulatis
545 1537 663 1619 causis,
678 1538 889 1626 repentinam
909 1538 1007 1627 fingit
1027 1561 1115 1628 pro-

9 1640 177 1708 fectionem.
235 1641 355 1708 Socios
389 1642 526 1707 interim
557 1664 677 1730 parare
712 1641 838 1708 bellum
872 1641 983 1708 iubet:
1024 1641 1168 1710 eccisi.

10 1737 196 1812 Tarentibac
209 1745 564 1811 ‘custodiam-Heleno
584 1743 656 1809 filio
678 1755 712 1808 et
736 1744 845 1811 amico
861 1743 981 1812 Miloni
999 1745 1112 1814 tradit.

11 1848 158 1914 Reversus
184 1849 221 1914 in
251 1847 412 1936 Epirum,
449 1851 561 1914 statim
594 1845 679 1910 fines
709 1846 928 1916 Macedoniae
965 1849 1145 1917 invadit:5

12 1951 54 2016 cui
77 1952 268 2042 Antigonus
299 1975 375 2018 cum
404 1949 556 2016 exercitu
586 1948 752 2030 occurrite
785 1951 961 2040 victusque
983 1953 1113 2038 praelio

12 2054 38 2120 in
60 2055 164 2144 lugam
191 2056 353 2122 vertitur.
398 2055 516 2142 Atque
552 2049 598 2117 ita
627 2051 779 2140 Pyrrhus
808 2051 1041 2120 Macedoniam
1076 2057 1144 2124 iub

14 2157 193 2225 deditionem
215 2157 360 2247 accipit,
389 2172 422 2241 et
443 2155 551 2223 veluti
573 2156 695 2220 damna
715 2154 859 2222 ,amissae
882 2156 1018 2222 Siciliae
1042 2157 1114 2224 lta-

13 2263 119 2349 liaeque
148 2261 322 2352 adquisito
352 2259 567 2326 Macedoniae
595 2268 708 2348 regno
732 2275 923 2347 pensasset,
959 2255 1114 2329 relictum
1205 2251 1208 2262 ¹

15 2363 132 2430 Tarenti
165 2365 275 2432 filiurn
309 2379 343 2431 et
379 2362 523 2430 amicum
559 2359 731 2428 accessib·
767 2359 962 2449 Antigonus
1001 2375 1156 2448 auteml
1207 2418 1209 2422 .

15 2489 70 2534 cun
97 2455 206 2557 paucis
239 2468 426 2557 equitibus,
456 2465 557 2553 fugae
579 2463 774 2543 comitibus,
796 2479 937 2552 repente
958 2465 1115 2535 fortunae

16 2573 192 2638 ornamentis
217 2571 417 2650 destitutus,
440 2567 554 2635 emissi
576 2565 672 2654 regni
701 2567 931 2652 speculaturus
964 2585 1115 2655 eventus,

18 2673 268 2743 Thessalonicam
293 2699 329 2742 se
351 2673 499 2762 recepit,
534 2684 570 2736 ut
591 2670 672 2735 inde
699 2690 773 2733 curn
797 2671 964 2734 conducta
992 2669 1115 2740 Gallo·

18 2799 74 2843 rum
93 2780 292 2846 mercenaria
314 2802 413 2844 rnnnu
436 2777 562 2840 bellurn
585 2783 766 2859 repararet.
809 2765 1143 2860 Rursu'saPtotefs
1210 2825 1212 2832 -

18 2903 92 2947 naec
113 2883 231 2973 Pyrrhi
254 2882 326 2949 filio
348 2879 499 2947 funditus
527 2877 662 2994 victus,
682 2897 756 2940 cum
778 2887 905 2961 septem
934 2877 1116 2946 comitibus
1205 2956 1208 2964 ¹

18 2981 134 3068 fugiens,
153 3010 220 3054 non
243 2986 310 3052 iam
332 2983 544 3072 reciperandi
566 2977 664 3068 regni
685 3001 789 3067 spem,
804 2977 864 3043 sed
885 2979 1003 3046 salutis
1025 2982 1114 3048 late-

18 3085 85 3168 bras,
106 3113 141 3155 ac
161 3091 261 3178 fugae
282 3087 481 3154 solitudines
503 3099 624 3174 captat.
1121 3132 1123 3144 .

84 3191 172 3258 Cir.
202 3219 250 3258 ιν.
294 3191 403 3280 totius
417 3189 599 3279 Pyrrhus
589 3211 624 3252 m
646 3198 741 3251 tanto
758 3183 872 3249 fasti
839 3206 897 3274 ιο
916 3209 1015 3275 regns
1035 3190 1109 3255 eol
1127 3201 1143 3258 t

18 3291 225 3376 locatus,1am
248 3319 310 3362 nec
329 3317 387 3374 eo
411 3295 452 3358 nd
476 3293 567 3382 quod
590 3304 683 3356 votis
703 3289 972 3378 perveniendum
993 3289 1115 3382 fueret,
1221 3351 1224 3360 ,

19 3410 175 3474 contentus
191 3398 356 3465 Graeciae
372 3395 545 3485 Asiaeque
565 3416 669 3480 regna
692 3385 884 3456 meditatur.
918 3393 1043 3482 Neque
1063 3394 1147 3463 illi2
1210 3381 1214 3392 ¹

1214 2747 1223 2781 t

19 3501 104 3564 maior
124 3525 166 3566 ex
187 3501 341 3590 imperio,
359 3524 457 3588 quam
474 3525 532 3565 ex
527 3500 623 3564 bello
638 3497 793 3584 voluptas
816 3507 905 3560 erat·
929 3519 992 3562 nec
1018 3497 1116 3585 quis-

19 3621 96 3682 qnmu
123 3605 307 3694 Pyrr-burn,
337 3628 401 3692 qua
431 3603 561 3669 tulisset
591 3602 771 3690 impeturn,
802 3596 968 3664 sustinere
996 3600 1114 3666 veluit.

20 3699 69 3767 Set
89 3721 120 3770 ut
143 3711 183 3774 ad
207 3706 426 3773 devincenda
440 3729 545 3794 regna
562 3703 713 3770 invictus
743 3700 950 3784 habebatur3
982 3701 1037 3786 ita
1051 3703 1149 3770 de-(t

19 3802 99 3874 victis
119 3811 363 3900 adquisitisque
384 3809 543 3876 celeriter
563 3806 710 3874 carebat.
754 3803 868 3871 Tanto
896 3803 1017 3872 melius
1039 3821 1117 3872 stu-
1197 3844 1202 3854 ι

378 4043 382 4048 .
428 3989 498 4030 mv.
502 3956 612 4026 'eccm
638 3980 762 4022 cnnsv.

496 4081 662 4100 m

237 4151 321 4209 ,10
360 4165 447 4226 posse
468 4142 551 4200 sine
576 4132 699 4197 Gallica
721 4135 836 4201 virtute.

292 4256 322 4308 t.
365 4242 593 4330 supplementum
614 4235 743 4298 militum
761 4241 843 4318 petit.

241 4353 324 4412 ..7
359 4345 561 4430 speculaturus
582 4360 771 4416 eventum,
801 4337 1057 4406 Thessalonicam.
1170 4423 1173 4432 ι

877 4455 1002 4516 Μ’.
