2740 4854
200 311 256 360 aa
281 306 425 364 rnoor
448 309 575 364 rorte.
599 309 756 364 rouro.
779 311 833 362 nu·
856 299 979 363 socr.
1035 325 1038 333 ·
1129 289 1194 360 uxr

39 481 62 546 in
76 473 233 562 Europam
242 470 382 538 'rediens
400 471 565 562 Trogus,
589 471 647 539 'res
674 473 784 560 gestes
805 467 971 542 Demetrii
988 467 1032 538 Il.
1055 481 1090 538 et
1110 469 1195 538 Aa*

38 565 116 652 tigoni
134 557 291 640 Doscnis,
330 557 449 624 foedus
476 557 626 624 maxime
653 557 921 636 oam'Achaeie,
956 571 998 623 et.
1012 553 1194 624 victoriam

39 650 101 735 apud
119 644 282 712 Sellasiam
303 643 488 710 enarravit.
528 643 793 726 Dixerattimul
814 645 851 708 in
871 662 1017 710 excursu
1037 641 1081 708 de
1102 641 1194 708 bello
1277 676 1279 691 ι

37 733 148 822 llyrico,
166 733 229 796 boc
241 729 326 818 ipso
342 742 501 814 tempore
515 753 535 794 a
550 727 712 796 Romania
730 751 804 796 cum
819 727 931 796 Teuta
952 741 1058 816 gesto.
1094 727 1194 794 Vec-

37 834 83 883 tnn
101 818 158 882 iarn
177 828 246 882 erat
266 814 309 878 a'd
331 809 479 902 Philippi
494 813 539 880 ll.
560 827 598 880 et·
614 813 777 880 Antiochi
798 814 842 880 Μ.
865 829 1024 895 aetatem,
1048 812 1074 891 i,
1096 834 1127 878 e.
1148 807 1194 876 ad

38 929 63 969 ea
77 917 219 991 tempora,
240 898 362 998 quilius
383 897 530 965 Romani
549 913 629 988 post
649 899 738 965 bella
759 899 893 980 Punica,
912 901 1016 989 (quae
1037 900 1195 986 scriptor,

38 988 143 1078 quoda
168 984 307 1052 conantio
336 984 413 1050 ciui
437 983 545 1050 aliena
574 997 702 1063 essent,
738 985 799 1050 sub
821 985 920 1052 finem
941 985 1055 1073 operis
1076 981 1194 1076 paucis*

37 1088 131 1140 tantum
152 1071 289 1158 attigit3)
318 1072 361 1136 ad
387 1069 481 1136 orbis
505 1083 672 1136 terrarum
693 1069 873 1157 imperium
893 1073 1098 1162 aspirantes,
1131 1093 1196 1136 re-

38 1179 142 1247 gnorum
165 1154 380 1222 Macedoniae
408 1167 442 1219 et
470 1153 594 1246 Syriae
621 1155 714 1220 vires
741 1155 857 1244 primo
873 1156 1123 1248 infringebant,
1161 1165 1195 1234 et

37 1265 93 1308 mcx
117 1242 168 1308 illa
193 1262 349 1335 ,prorsus
368 1241 576 1307 deleverunt.
620 1240 731 1328 Digna
758 1263 838 1308 sace
866 1255 938 1308 erat
965 1245 1091 1334 ingens·
1111 1239 1197 1324 baec

37 1351 118 1393 rerum
134 1325 327 1406 conversio,
357 1325 394 1391 in
416 1349 482 1414 qua
503 1325 629 1391 diutius
650 1339 838 1392 moraretur
857 1326 1012 1411 Trogus·;
1040 1327 1195 1414 integros

38 1414 97 1478 enin
121 1427 255 1500 quatuor
278 1411 385 1477 libros
405 1411 531 1476 iodea
548 1409 685 1478 XXlX.
704 1419 810 1510 usque
831 1413 874 1477 ad
895 1411 1048 1480 XX-Xll.
1072 1414 1105 1478 ei
1128 1411 1196 1477 de-

37 1498 147 1566 stinarit.
184 1497 305 1585 incipit
325 1497 440 1584 itaque
461 1511 479 1560 a
500 1497 598 1562 bellis
619 1496 863 1588 Philipp1·ccrrt
880 1498 1048 1572 Dardanis
1067 1499 1195 1568 atAt-³

37 1584 102 1663 telis,
134 1583 166 1649 in
192 1584 312 1672 quibus
338 1581 616 1670 cunPnitippue
645 1605 721 1648 oum
751 1581 966 1674 Cretprsibus
996 1581 1204 1668 societatem

35 1668 176 1748 iunxisset,
211 1673 335 1734 horum
365 1689 498 1755 quoque
526 1667 674 1756 origines
704 1669 880 1756 expositae
902 1687 1007 1738 erant.
1051 1674 1198 1743 Transit·
1229 1703 1232 1718 ·

35 1752 89 1818 inde
107 1757 142 1820 ad
161 1753 311 1842 Philippi
330 1752 366 1817 ia
389 1752 561 1818 Romanos
583 1751 740 1831 consilia,
764 1753 883 1822 l'oedus
905 1779 981 1822 curn
1003 1757 1194 1828 Hannibale

36 1842 174 1906 etbellcm
194 1841 275 1906 inde
296 1843 472 1918 exortum,
514 1859 581 1925 quo
608 1837 754 1905 Romani
782 1861 857 1906 eum
884 1841 1014 1910 callidis
1042 1843 1193 1913 consiliis¹

35 1923 57 1988 in
68 1923 186 1990 Graecia
201 1925 430 2002 detinuerunt,
452 1945 560 2011 usque
581 1923 623 1990 ad
644 1931 759 2011 pacem
782 1947 857 1990 com
877 1927 919 1994 iis
940 1929 1073 1998 iactant.
1105 1933 1194 2001 Per-

36 2010 67 2092 git
88 2025 147 2076 tum
169 2011 259 2076 libro
281 2007 399 2074 XXX.
425 2008 471 2074 ‘ad
492 2009 676 2076 Ptolemaei
698 2009 925 2097 Philopatoris
945 2033 1001 2080 res
1023 2033 1137 2103 gestas
1159 2032 1195 2088 et

37 2096 127 2159 bellum
148 2118 218 2162 cum
239 2095 416 2161 Antiocho
437 2093 486 2164 M.
503 2095 539 2160 in
560 2116 648 2184 qno,
668 2109 826 2184 quantum
847 2098 983 2185 quidem
1005 2117 1040 2168 et
1062 2107 1109 2169 ex'
1131 2103 1195 2171 lu-

36 2180 96 2245 stino
115 2195 143 2246 et
162 2205 205 2246 ex
223 2180 378 2272 prologis
400 2179 601 2266 concludere
622 2181 718 2260 licet,
756 2181 845 2248 haud
871 2185 1051 2254 immerito
1069 2213 1195 2282 repre-

36 2265 155 2332 henditur
180 2267 335 2354 Trogus,
373 2265 463 2352 qnod
490 2265 526 2330 in
555 2267 657 2330 rebus
683 2265 952 2335 Ptolemaeorum
980 2274 1193 2372 explicandIs

35 2353 105 2436 paulo
121 2353 340 2442 negligentius
360 2365 514 2416 versatus
534 2350 647 2446 suerit.
690 2351 834 2438 Excepit
849 2357 933 2420 haec
947 2355 1059 2450 Phinp
1085 2359 1098 2424 i
1118 2381 1193 2428 cnm
1276 2389 1277 2394 ¹

37 2435 156 2504 hamanis
172 2441 306 2520 bellom,
329 2457 396 2525 quo
409 2437 562 2502 devictus
577 2435 650 2502 fuit.
696 2436 877 2508 'l'ransitur
889 2439 968 2508 inde
984 2443 1045 2509 lib.
1097 2439 1193 2514 XXI.

22 2522 66 2584 ‘ad
78 2523 221 2590 Antiochi
236 2523 282 2590 Μ.
304 2545 358 2590 res
379 2536 506 2610 gestas,
529 2535 563 2586 et
584 2521 728 2610 primum
745 2524 886 2610 -quidem
908 2527 944 2591 in
964 2529 1054 2595 Asia
1075 2531 1195 2598 orien-

37 2608 235 2676 taliadversus
257 2610 415 2684 Parthos,
453 2606 594 2672 Bactros
615 2621 648 2670 et
669 2605 791 2688 Indos3
825 2609 969 2695 indeed
994 2616 1194 2682 contentio-
1251 2645 1257 2652 ·

36 2714 85 2770 nes,
114 2708 143 2760 et
161 2717 260 2779 mcx,
298 2715 373 2760 cum
394 2691 560 2756 Hannibal
586 2693 630 2756 ad
648 2715 724 2755 eum
746 2691 967 2792 profugisset,
999 2700 1042 2763 ad
1066 2703 1192 2770 belluni

37 2801 84 2843 cum
100 2779 269 2860 Romanis,
290 2779 325 2846 in
348 2801 416 2866 quo
438 2790 472 2842 et
492 2777 610 2842 Aetoli
633 2777 760 2843 devicti
776 2793 868 2844 sunt.
909 2782 1089 2872 Excepere
1110 2789 1194 2854 baec
1278 2793 1281 2800 ’

35 2864 73 2927 lib.
88 2863 224 2932 XXXII.
248 2867 367 2932 turbae
389 2865 485 2930 inter'
498 2865 674 2942 Achaeos,
696 2861 981 2934 Lacedaemonios
1005 2883 1038 2934 et
1055 2869 1194 2938 ¹'Messe-

35 2949 241 3040 nics,'qnibus
271 2951 512 3038 Philopoemen
540 2947 686 3026 int‘eriit3
721 2961 754 3012 et
785 2949 1015 3030 Romanorum
1041 2952 1076 3021 in
1105 2959 1193 3026 Asia

36 3035 159 3102 adversus
186 3037 304 3104 Gallos
335 3039 468 3100 bellum.
510 3031 595 3098 Inde
625 3032 789 3124 Philippi,
833 3059 924 3104 nova
956 3062 1032 3108 oum
1059 3042 1194 3110 'Roma-

35 3120 292 3190 nis‘contectionc
323 3133 463 3201 exorta,
503 3119 678 3185 consilium
706 3121 945 3189 Bastarnarum
974 3149 995 3192 o
1021 3147 1041 3192 e
1069 3130 1193 3211 be'lluht

35 3204 116 3272 ltaliae
132 3207 310 3274 inferendi.
354 3204 539 3300 (laqueus
554 3205 736 3298 occasionew
749 3229 804 3270 res
825 3207 971 3298 lllyrici,
993 3151 1195 3282 Pannbnio*

35 3311 85 3356 run
107 3309 136 3360 et
163 3292 332 3370 Dacorum
362 3289 509 3382 origines
524 3335 526 3338 -
539 3295 584 3356 et'
599 3291 804 3356 incrementa
826 3297 995 3382 exposuit.
1042 3297 1195 3378 Transiit

34 3374 87 3440 inde
105 3379 140 3443 ad
158 3403 211 3445 res
233 3379 340 3444 Asiae
360 3377 521 3456 minoris,
548 3378 638 3468 bella
657 3375 833 3461 Eumenis,
852 3380 1008 3468 Pergami
1028 3385 1137 3473 re'gie,
1160 3399 1195 3452 et
1245 3385 1247 3392 ’

35 3463 173 3544 turbasah
193 3465 401 3544 Hannibale,
434 3462 608 3528 Antiocho
624 3461 784 3538 devicto,
814 3463 865 3528 ibi
884 3460 1057 3534 excitatas.
1102 3469 1194 3548 More

36 3546 143 3636 denique
164 3549 327 3617 Antiochi
350 3549 410 3629 M,
452 3547 586 3614 Seleuci
607 3545 832 3636 Philopatoris
858 3573 1000 3638 regnum
1021 3559 1129 3620 us‘u‘e
1151 3555 1194 3622 ad

35 3633 160 3701 Antiochi
173 3635 359 3725 Epiphania
374 3631 481 3714 initia.
524 3631 641 3697 Rediit
655 3631 733 3697 inde
746 3633 837 3700 libro
850 3637 1008 3722 proximo
1024 3637 1058 3705 X
1098 3639 1193 3707 XIII.

36 3715 57 3780 in
82 3720 313 3801 Macedoniam,
351 3719 448 3804 cuius
483 3719 600 3784 ultima
634 3718 703 3782 l'atn
746 3719 947 3805 explicanda
979 3722 1194 3812 supererant.

35 3801 181 3872 Enarratur
197 3809 311 3894 itaque
333 3805 448 3872 Persei
467 3803 623 3884 historia,
646 3803 742 3890 Epiri
763 3804 1055 3886 ruina,.Aetolici
1072 3809 1195 3874 foede-

36 3887 67 3950 r'is‘
80 3894 205 3972 solutio,
230 3894 353 3958 bellurn
374 3889 521 3977 denique
542 3911 616 3962 curn
636 3889 939 3980 Pseudophilippo,
970 3901 1038 3981 quo
1052 3894 1194 3962 *devicto
1222 3891 1226 3901 ⁶

36 3969 191 4043 llacedcnia
212 3975 389 4066 provincia
411 3974 563 4042 Romana
585 3973 672 4057 facta
694 3989 753 4040 est.

37 4138 42 4151 ⁸
94 4060 324 4130 Deductaietn'
340 4074 415 4125 ‘erat
435 4059 655 4143 hls'toria'eo,
685 4059 744 4124 nbi
766 4065 843 4147 post
865 4061 1076 4130 Macedonici
1096 4061 1195 4153 regui
1278 4079 1282 4102 ⁵

36 4146 167 4213 nterircm
191 4150 226 4216 in
248 4147 426 4214 arctiorem
448 4144 544 4233 quasi
569 4145 687 4210 orbem
707 4145 943 4214 includeretur.
986 4147 1197 4236 Supererant
1239 4197 1241 4206 ·

36 4236 117 4294 tanen
135 4248 166 4298 et
188 4233 341 4322 Aegypti
362 4246 395 4297 et
417 4229 556 4323 Syriae,
597 4229 634 4294 iu
655 4229 811 4322 interiori
826 4225 914 4299 ¹uero
936 4234 1028 4300 Asia
1045 4235 1196 4303 Partho-

37 4331 88 4380 um
103 4330 131 4382 et
148 4319 399 4388 Bactrianorum
419 4316 579 4408 imperia,
605 4315 703 4405 plura
725 4315 825 4386 etiam
847 4319 913 4386 alia
931 4319 1069 4414 minora
1090 4343 1198 4412 regna

180 4471 189 4504 l
