2786 4856
197 318 555 392 'assaumis
583 295 850 388 xxx1100sr.
879 331 912 388 s.
987 323 990 372 1
1057 310 1140 383 221

25 505 115 580 gasto,
127 492 165 560 in
184 515 252 582 quo
274 494 438 562 maiorem
458 493 531 562 vim
552 490 710 574 numinis,
725 477 830 583 quarn
845 492 996 562 hostium
1010 517 1128 562 sense-

25 607 100 678 Ιιιιι,
127 593 249 666 amisso
270 597 408 666 Brenno
430 596 524 678 duce,
544 617 624 687 pars
645 597 682 663 in
698 595 829 679 Asiam
850 617 929 706 pars
950 598 987 664 in
1010 595 1128 664 Thra-

25 699 92 764 iatn
124 713 280 768 extorres
306 699 472 789 fugerant.
515 693 600 768 Inda
627 725 690 792 per
718 702 837 768 eadem
863 699 1026 792 vestigia,
1060 712 1158 792 qua7

25 815 186 886 onerant,
226 804 398 896 antiquam
425 805 570 896 patrium
597 797 801 900 repetivere.
843 800 900 872 Ex
928 804 982 870 his
1009 812 1158 872 marusa

25 897 206 978 tnaedam
194 931 232 974 ιιι
254 906 451 974 confluente
464 903 615 976 Danubii
642 916 677 975 et
696 906 779 976 Sari
808 907 979 992 consedit,
1016 909 1128 975 Scor

25 1007 189 1100 lucosque
210 1011 428 1100 coappellari
448 1012 590 1080 voluit·
611 1009 798 1101 Tectosagi
825 1020 954 1093 autem,
986 1031 1063 1080 oum
1087 1008 1158 1082 ina
1258 1017 1264 1026 '

25 1113 180 1202 utiquam
206 1113 351 1200 patriam
387 1111 553 1182 Tolosam
585 1115 779 1196 venissent,
825 1113 1130 1204 comprehensique

25 1217 170 1282 estiiera
198 1217 254 1282 lue
283 1227 411 1300 emant,
452 1237 520 1282 non
554 1217 662 1307 prius
659 1217 859 1284 sanitatem
884 1217 1133 1324 reciperavere,

25 1335 104 1406 uam
140 1311 357 1408 haruspicum
397 1319 571 1408 responsis
601 1313 738 1403 moniti,
774 1323 891 1388 aurunt
931 1336 1132 1410 argentum·-

25 1440 68 1488 ne
90 1417 191 1488 bellis
213 1413 466 1512 sacrilegiisque
488 1423 693 1514 quaesitum,
715 1423 750 1490 in
773 1424 997 1492 Tolosensam
1019 1426 1129 1490 lacum

25 1540 214 1612 tergerent:
245 1523 340 1614 qnod
361 1545 462 1594 omne
481 1549 605 1616 magno
625 1535 704 1615 post
725 1541 879 1617 ternpore
902 1525 1029 1614 Caepio
1049 1525 1127 1592 Roe
1142 1535 1182 1592 to
1237 1579 1246 1600 ,

25 1651 123 1694 sanus
145 1627 265 1696 consul
287 1629 435 1694 abstulit.
478 1629 588 1696 Fuere
609 1644 721 1700 autem
744 1630 875 1748 argenti
902 1629 1020 1718 pondo
1041 1647 1130 1695 oan-
1208 1655 1235 1674 ἰ

26 1755 75 1798 um
98 1730 215 1799 decem
237 1731 362 1812 millia,
384 1726 478 1798 auri
507 1733 621 1820 pondo
649 1731 828 1820 quinquies
858 1728 971 1800 decies
993 1741 1129 1797 centurn

25 1836 121 1902 nillia
166 1829 268 1918 Quod
291 1825 505 1936 sacrilegium
529 1853 627 1902 musa
648 1831 777 1938 excidii
797 1821 963 1923 Caepioni
985 1834 1123 1903 exerui·
1140 1841 1195 1901 tt·

25 1939 127 2030 nique
140 1933 215 2006 eius
240 1953 356 2027 postea
378 1937 453 2006 stit
484 1937 669 2004 Romanoa
698 1953 834 2026 quoque
863 1929 1023 2004 Cimbrici
1045 1933 1130 2004 betti

25 2045 184 2125 umultus,
198 2045 300 2110 velut
319 2036 409 2108 ultor
430 2046 545 2106 sacrae
568 2039 742 2128 pecuniae,
764 2042 933 2108 insecutus
962 2051 1025 2106 est
1070 2041 1128 2107 Ex
1141 2046 1181 2108 12

25 2164 102 2238 gente
116 2137 388 2246 Tectosagorum
410 2166 476 2210 ιιοιι
500 2143 680 2212 mediocris
702 2145 859 2234 populus,
880 2143 1034 2230 praedae
1048 2141 1248 2210 (1ιι1-·Χ

25 2205 132 2338 iadine,
151 2223 330 2338 Illyricum
351 2246 533 2336 repetivit,
538 2245 775 2340 spoliatisque
803 2241 941 2327 Istris,
930 2269 969 2312 ιιι
988 2245 1129 2314 Panno-

25 2355 63 2422 nia
83 2331 247 2422 consedit.
290 2353 470 2419 latrorum
474 2365 607 2439 gentem
628 2349 718 2417 fama
740 2355 791 2416 est
813 2344 981 2438 originem
1003 2347 1180 2417 scol-13

26 2462 78 2526 this
98 2456 242 2537 ducere,
264 2455 374 2522 missis
401 2455 444 2520 ab
465 2455 577 2520 Aeeta
597 2469 679 2541 rege·
700 2453 743 2518 ad
764 2453 985 2539 Argonautas
1006 2465 1129 2540 raptu-

26 2585 126 2651 esque
152 2561 246 2652 filiae
274 2557 544 2647 persequendos·
579 2553 638 2643 qui
669 2567 705 2620 ut
733 2571 752 2620 a
782 2553 892 2620 Ponto
918 2551 1132 2620 intraverunt
1144 2559 1183 2620 14
1216 2543 1219 2556 ¹

27 2666 136 2748 istrum,
160 2666 263 2730 alveo
286 2659 367 2742 Sari
395 2657 543 2724 fluminis
559 2646 698 2746 penitus
719 2649 864 2736 invecti,
883 2651 1030 2742 vestigia
1051 2651 1131 2723 Ar·-

27 2781 230 2858 gonautarurn
257 2759 489 2852 insequentes,
532 2785 636 2828 naves
669 2776 747 2826 suas
780 2757 941 2824 humeris
959 2777 1022 2848 per
1050 2757 1131 2850 iuga

28 2871 167 2938 nuntium
199 2885 304 2955 usque
326 2861 376 2932 ad
401 2865 480 2932 litus
509 2857 700 2932 Hadriatici
733 2859 836 2928 maris
872 2861 1133 2944 transtulerunt,

28 2974 142 3061 :agnito
163 2967 274 3060 quod
310 2971 534 3056 Argonautae
570 2966 661 3039 idem
687 2975 832 3055 propter
859 2961 1131 3053 magnitudinem

28 3077 104 3142 ravis
125 3077 261 3194 priores
284 3071 461 3140 fecissentt
489 3091 574 3161 quos
595 3084 632 3136 nt
655 3081 793 3138 arados
821 3065 942 3134 Colchi
970 3085 1040 3132 ιιοιι
1068 3089 1129 3134 re
1112 3074 1182 3137 te

29 3179 160 3296 periunt,
181 3179 257 3245 sive
278 3191 370 3242 metu
391 3172 491 3262 regis,
513 3173 586 3242 sive
609 3175 724 3242 taedio
744 3171 868 3262 longae
891 3161 1142 3289 navigationis,

29 3281 105 3350 iuxta
124 3281 323 3371 Aquileiam
342 3280 543 3360 consedere,
579 3270 727 3367 Istrique
749 3299 795 3344 ex
815 3274 984 3342 vocabulo
1013 3272 1131 3356 amuis,
1263 3335 1269 3347 ,

30 3409 79 3472 quo
100 3411 118 3454 a
140 3385 227 3452 mari
250 3391 492 3464 concesserant,
516 3381 686 3472 appellati.
729 3373 815 3447 Daci
838 3393 974 3468 quoque
993 3371 1130 3468 suboles
1143 3383 1182 3444 16
1295 3417 1299 3422 ·

30 3488 169 3556 Getarum
192 3500 287 3554 sunta
319 3483 380 3574 qui
400 3506 493 3568 curn,
517 3486 622 3552 Orcla
644 3499 741 3574 rege,
765 3477 929 3550 adtersu's
951 3479 1131 3550 Bastarnas
1229 3509 1236 3524 ·

31 3579 96 3656 nale
119 3597 340 3680 pugnassent,
358 3587 409 3654 ad
431 3587 600 3656 ultionem
615 3585 793 3677 segnitiae,
814 3581 946 3674 capturi
968 3599 1134 3668 somnum,

31 3693 121 3781 rapita
146 3697 225 3764 loco
255 3691 381 3784 padum
401 3707 534 3782 ponere
551 3689 644 3758 iussu
666 3689 757 3778 regis
780 3690 1006 3779 cogebantut3
1025 3685 1134 3758 mini-
1198 3767 1200 3772 ¹

442 3863 515 3915 nir.
537 3871 628 3940 naor,
651 3857 775 3914 arsin.

62 4021 135 4092 Gn.
156 4044 210 4092 ιιι.
233 4023 259 4111 1.
300 4023 334 4088 9.
375 4013 555 4106 aruspicum.

233 4116 484 4212 1111111110.Ι

229 4235 261 4317 1.
286 4237 337 4296 11.
384 4221 516 4314 Cepione.

225 4335 262 4422 1.
289 4339 337 4401 id.
380 4329 550 4399 Adriatici
