2906 4862
220 281 301 366 298
594 299 646 372 stt
683 301 832 354 rauca
861 299 985 363 naar,

230 494 258 539 a
272 468 397 561 quihus
416 468 540 552 vines,
561 480 645 558 pax:
686 463 869 540 Transitus
891 464 1016 534 deinde
1036 465 1081 536 sd
1101 490 1157 535 res
1177 453 1369 556 Antiochi,

229 575 290 664 qui
306 586 386 664 post
402 563 548 662 'regnum
569 581 743 660 acceptum
763 583 957 659 persecutus
980 567 1169 638 defectores
1190 573 1226 638 in
1243 573 1371 643 Media

230 677 423 760 Molonem,
463 675 502 742 in
528 673 617 744 Asia
643 673 840 760 Achaeum,
883 697 985 763 quem
1014 673 1149 742 obsedit
1175 677 1369 746 Sardibus:

231 794 352 871 pacata
379 778 558 872 superiore
582 777 672 846 Asia
696 777 830 846 Bactris
857 791 976 864 tenus,
1017 777 1057 846 'n
1074 779 1236 868 ⁸Romana
1267 783 1370 850 bella

230 884 418 954 descendit.

424 1087 430 1096 ·
477 1062 702 1130 Pnocoons
726 1061 858 1127 Linus
883 1061 1023 1127 XXXI.

311 1219 394 1288 Uno
417 1231 451 1285 et
472 1220 645 1287 tricesimo
666 1219 842 1288 volumine
863 1222 1057 1288 continetur
1082 1223 1228 1310 bellum,
1266 1221 1368 1311 quod

153 1325 156 1332 ’
231 1348 307 1395 cnm
327 1323 597 1392 Lacedaemonio
618 1323 749 1390 Nabide
773 1321 874 1388 Titus
895 1321 1103 1390 Flamininus
1119 1340 1151 1390 et
1168 1325 1367 1416 Philopoe-

230 1453 309 1497 men
330 1426 403 1492 dux
416 1428 636 1494 Achaeorum
659 1419 770 1515 gessit.
812 1425 897 1491 Item
914 1417 1055 1510 bellum',
1079 1431 1260 1517 quodcum
1278 1432 1364 1493 An-

230 1533 347 1602 tiocho
375 1529 412 1596 in
433 1530 566 1596 Achaia
587 1553 651 1619 per
671 1528 824 1595 Acilium
845 1532 1035 1608 consulem.
1074 1533 1165 1596 etin
1188 1533 1276 1598 Asia
1299 1555 1365 1619 per

231 1634 427 1722 Scipionem
449 1647 581 1721 gestum
603 1647 665 1697 est.
709 1631 868 1720 Denique
890 1629 1090 1700 Hannibalis
1112 1632 1155 1700 ad
1176 1659 1293 1724 regem
1316 1635 1364 1701 ab

231 1735 437 1822 Carthagine
463 1735 556 1820 suga.
608 1723 742 1798 Bellum
763 1753 840 1797 curn
861 1735 998 1804 Aetolia
1020 1751 1151 1826 gestum
1173 1751 1237 1827 pet
1257 1762 1363 1806 eum-

235 1841 313 1908 dem
333 1836 503 1920 Acilium,
531 1833 592 1924 qui
610 1831 822 1900 Antiochum
845 1831 991 1904 Graecia
1012 1845 1204 1930 expulerat.¹

325 2074 327 2088 .
461 2029 686 2096 Pnouoocs
718 2028 845 2098 Lentu
877 2032 1041 2100 XXXII.

312 2188 469 2260 Secundo
484 2199 517 2254 et
530 2185 706 2254 tricesimo
722 2189 897 2255 volumine
912 2190 1127 2259 continentur
1142 2195 1241 2263 haec.
1280 2192 1362 2260 De-

229 2296 334 2370 iectio
357 2294 399 2360 ab
421 2289 572 2360 Achaeis
594 2289 939 2359 Lacedaemoniorum
961 2308 995 2359 et
1011 2296 1268 2378 Messeniorum,
1292 2321 1361 2386 qua
1421 2333 1425 2338 ·

231 2400 478 2488 Philopoemen
498 2392 639 2460 interiit.
686 2392 919 2462 Romanorum
947 2397 982 2462 in
1010 2399 1098 2466 Asia
1120 2401 1207 2466 duce
1229 2401 1358 2467 Manlio

231 2505 414 2574 adversum
436 2497 553 2566 Gallos
578 2497 716 2562 bellum.
759 2497 865 2586 Regis
879 2499 1046 2588 Philippi,
1070 2519 1212 2592 propter
1230 2507 1359 2570 ablatas

232 2607 299 2675 sibi
328 2603 504 2684 civitates,
539 2600 703 2666 alienatus
728 2600 765 2666 in
785 2599 958 2669 Romanos
981 2605 1127 2690 animus3
1165 2622 1198 2673 et
1219 2609 1264 2674 ob
1293 2609 1359 2674 boc

232 2715 318 2779 alter
338 2707 488 2774 liliorum
508 2700 701 2770 Demetrius
724 2705 871 2772 occisus:
905 2707 1132 2796 concitatique
1155 2713 1197 2776 ab
1220 2733 1261 2776 eo
1284 2711 1358 2776 Ba-

231 2800 381 2894 sternae,
415 2805 559 2874 transire
581 2806 694 2878 conati
714 2806 751 2872 in
772 2807 916 2876 ltaliam.
968 2809 1052 2877 Inde
1073 2813 1108 2876 in
1131 2838 1272 2880 excessu
1298 2815 1357 2882 di·-

231 2931 306 2987 ctae
333 2936 389 2980 res
415 2907 584 3000 Illyricae.
631 2907 682 2978 Ut
711 2903 819 2995 Galli,
855 2913 913 3002 qui
940 2931 1144 3003 occuparant
1169 2917 1355 3008 Illyricum,
1426 2933 1427 2952 ¹

230 3011 353 3090 eureus
378 3015 554 3082 redierunt
582 3012 620 3080 in
651 3010 814 3080 Galliam:
850 3016 1067 3107 originesque
1088 3019 1355 3104 Pannoniorum,
1388 3064 1393 3082 ,

230 3137 265 3192 et
285 3121 491 3188 incrementa
512 3113 697 3182 Deciorum
718 3141 781 3206 per
801 3117 1023 3187 Rubobosten
1045 3145 1168 3212 regern.
1209 3123 1247 3190 ln
1268 3125 1355 3191 Asia

229 3227 358 3296 bellum
387 3247 406 3289 a
433 3243 516 3310 rege
547 3221 696 3288 Eumene
727 3235 857 3310 gestum
889 3225 1051 3290 adversus
1072 3225 1207 3292 Gallum
1233 3227 1354 3294 Ortia-

231 3342 378 3420 gontem‚
400 3321 598 3392 Pharnacen
619 3321 809 3408 Ponticum,
831 3340 865 3392 et
882 3321 1044 3408 Prusiani,
1066 3330 1249 3396 adiuvante
1264 3331 1353 3397 Pru-

230 3434 315 3502 siam
333 3419 528 3498 Hannibale
550 3427 690 3514 Poeno.¹
722 3425 790 3494 Res
821 3442 935 3516 gestae
963 3417 1270 3522 Hannibalis⁸post
1295 3433 1352 3500 vi-

231 3553 321 3604 ctum
347 3531 570 3602 Antiochum.
622 3531 669 3599 Et
694 3553 780 3598 mox
803 3544 939 3600 mortuo
969 3534 1111 3617 Seleuco
1138 3535 1212 3605 filio
1237 3537 1352 3627 Magni

228 3635 396 3710 Antiochi
417 3633 579 3718 successit
596 3657 705 3728 regno
726 3633 832 3702 frater
850 3635 1056 3709 Antiochus.
1138 3699 1142 3706 .
1208 3699 1211 3708 ,

283 3902 289 3914 Ι
428 3801 670 3898 vl'n'onoens
704 3831 837 3898 Lesas
871 3833 1086 3912 xxxttt„
1131 3875 1168 3930 g

313 3967 436 4040 Tertio
464 3985 500 4038 et
526 3969 698 4039 tricesimo
724 3973 900 4040 volumine
929 3975 1145 4044 continentur
1167 3973 1264 4044 haec.
1302 3971 1350 4044 Ut

96 4159 99 4174 Ὺ
232 4071 433 4172 cumyPerse
455 4071 607 4166 Philippi
627 4073 717 4160 fitia,
739 4099 822 4168 rege
844 4077 1082 4164 Macedonum,
1105 4077 1254 4150 Romani
1276 4080 1349 4146 bel-

232 4185 304 4253 lum
329 4175 511 4270 gesserint:
547 4201 615 4268 quo
638 4195 756 4270 capto,
791 4182 902 4249 deleta
924 4197 975 4250 eet
994 4183 1132 4276 Epiros.
1173 4183 1349 4254 Aetolicae

232 4285 388 4356 divitates
409 4277 453 4350 ab
473 4275 602 4354 unitate
622 4285 776 4382 corporis
798 4286 980 4378 deductae,
1015 4289 1108 4362 iuter
1136 4291 1297 4361 Achaeos
1318 4298 1349 4354 et
