2796 4866
496 191 523 234 x0

153 273 260 324 xum
318 313 323 320 .
377 237 382 244 ’
435 303 441 318 .
576 265 1003 346 Aeno-sturnus„
1058 307 1085 318 ..
1167 305 1169 310 ,
1378 231 1379 318 l

152 431 236 504 satis
263 455 329 504 nos
358 432 498 522 copiose
521 445 557 498 st
584 443 740 500 accurate
765 431 950 500 instructos
970 453 1048 498 esse
1065 429 1141 498 iure
1162 431 1366 523 gloriemur,

151 521 188 588 in
218 519 332 586 multis
359 531 474 584 tamen
506 518 581 584 aliis
604 519 689 583 adeo
710 518 746 584 in
768 517 924 584 tenebris.
940 540 1144 598 versemur,
1173 533 1367 585 attentum

150 629 219 674 nou
241 605 379 672 omnino
400 625 463 668 nos
483 601 520 669 in
541 603 583 668 iis
607 605 775 670 caecutire
796 603 970 670 fatendum
992 604 1045 668 sit.
1082 601 1206 670 Mirum
1223 604 1368 692 quidem

151 692 189 758 id
205 690 331 756 nemini
347 689 531 769 videbitur,
552 711 615 754 nec
637 689 725 775 apud
747 690 910 756 barbaras
930 705 1047 778 gentes
1068 711 1132 754 neo
1152 691 1244 783 apd
1267 689 1379 770 alias„

74 821 75 827 κ
151 778 181 844 si
201 778 237 842 in
258 775 484 842 remotissima
504 788 658 923 tempora
677 775 833 856 recedat,
874 774 936 840 ubi
963 773 1129 840 memoria
1153 797 1267 840 rerum
1301 797 1379 862 gem

125 879 279 930 ’starum
300 863 358 928 vel
377 863 487 940 nulla,
524 883 568 925 ve
605 855 806 925 brevissima
824 873 955 925 tantum
976 861 1099 926 litteris
1120 859 1379 942 mandabatur3l

149 949 236 1014 illud
256 969 342 1012 vero
365 945 486 1026 merito
507 943 729 1010 mirationem
745 945 864 1026 saciet,
893 945 1054 1030 ermagis
1075 963 1155 1012 sane
1177 947 1379 1036 dolendum}

152 1048 220 1114 est,
243 1031 299 1096 in
328 1032 403 1117 ipsa
432 1052 567 1118 quoque
596 1029 857 1098 cultissimorum
886 1031 1112 1119 populorum,
1153 1029 1368 1098 Graecorum

150 1119 228 1186 dico
258 1129 292 1181 et
311 1116 544 1190 Romanorum
572 1109 733 1191 historia,
771 1139 810 1180 ea
831 1116 906 1204 ipsa
929 1129 1038 1182 aetate
1060 1111 1121 1182 uhi
1143 1141 1274 1183 summa
1296 1117 1368 1182 flo-

64 1275 66 1280 s
149 1203 259 1272 ruisse
289 1216 420 1268 constat
448 1199 689 1266 historicorum
718 1201 874 1288 ingania,
904 1214 956 1266 tot
984 1215 1018 1267 et
1046 1215 1142 1268 tauta
1171 1225 1247 1268 esse
1275 1203 1379 1268 scitu,

149 1313 253 1378 quam
271 1287 420 1352 maxime
440 1285 568 1374 digna,
582 1307 729 1374 ¹quorum
752 1300 942 1370 accuratam
963 1287 1120 1359 notitiam
1140 1289 1379 1390 planenobisp

148 1373 276 1442 invidit
309 1372 459 1438 fortuna.
502 1365 571 1436 vix
596 1393 745 1458 unquam
773 1373 808 1436 in
839 1371 1038 1459 antiquitate
1065 1369 1173 1464 mhgts
1203 1375 1379 1448 nevimus*

78 1533 84 1548 ,
148 1460 306 1528 floruisse
323 1456 473 1538 litteras,
502 1480 603 1544 quam
623 1458 686 1522 sub
708 1457 911 1524 Ptolemaeis
933 1458 1095 1549 Aeg'ypti
1111 1459 1268 1546 regibus3
1298 1483 1365 1527 ve-

148 1569 224 1613 rum
246 1567 347 1632 quam
367 1564 490 1630 parum
511 1547 642 1609 constat
664 1543 707 1607 de
722 1541 993 1608 Ptolemaeorum
1015 1567 1132 1632 regno,
1156 1547 1303 1633 quorum
1323 1553 1379 1638 uel

149 1629 255 1698 series
277 1627 415 1726 quidem
435 1629 573 1714 integra
592 1648 637 1692 ex
660 1627 905 1714 scriptoribus,
928 1629 1003 1694 alisi
1024 1632 1263 1698 numismatum
1286 1643 1379 1720 ope}

150 1713 310 1804 constitui
324 1725 452 1804 potest,
476 1727 510 1778 et
529 1713 597 1777 hac'
615 1713 688 1800 ipsa
710 1713 776 1779 vix
797 1718 925 1799 potest!
947 1713 1242 1782 Florentissimum
1256 1716 1379 1798 fuisset

86 1805 89 1812 “
149 1802 294 1888 legimus
315 1797 522 1886 reipublicae
544 1797 719 1864 Romanae
741 1811 864 1864 statum
887 1799 1007 1886 primis
1030 1815 1107 1889 post
1129 1803 1217 1872 bella
1234 1803 1379 1882 Punical

75 1900 77 1905 '
149 1886 379 1972 temporibus,
417 1907 502 1972 quae
522 1895 649 1950 'tamen
676 1907 762 1950 mox
789 1885 1010 1973 gravissimae
1032 1887 1217 1969 seditiones
1239 1887 1323 1972 ipde
1344 1887 1379 1952 al

150 1971 383 2042 Gracchorum
411 1981 537 2050 aetate,
577 1983 612 2034 et
636 1992 753 2035 rerum
778 1971 1046 2054 conversiones,
1071 1973 1180 2038 ‘bello
1209 1973 1379 2044 maximel

149 2043 284 2136 sociali,
320 2051 554 2142 excipiebant3
589 2055 649 2118 sed
671 2067 801 2122 tantum
823 2057 918 2122 abest
940 2071 977 2122 ut
1004 2057 1040 2122 in
1072 2057 1115 2124 iis
1144 2081 1182 2124 ac
1208 2045 1379 2126 uiescerei

124 2209 126 2212 ,
174 2143 335 2222 ossium,
374 2163 460 2226 quae
492 2140 676 2219 memoriae
705 2139 749 2206 de
775 2141 819 2208 iis
844 2142 971 2212 tradita
997 2159 1090 2225 sunt,
1129 2159 1168 2210 ut
1219 2123 1379 2218 isioriaei

32 2281 39 2288 .
72 2281 76 2292 ,
148 2171 289 2318 Pucinias
308 2225 423 2316 potius
444 2242 545 2314 quam
563 2223 742 2295 historiam
763 2248 826 2292 nos
848 2228 975 2294 habere
990 2229 1167 2302 dicendum
1184 2230 1238 2301 sit.
1269 2219 1379 2314 Quidi

150 2317 179 2384 si
207 2315 243 2380 in
270 2313 345 2402 ipsa
372 2305 539 2400 Augusti,
580 2309 610 2375 si
637 2309 674 2376 iu
695 2309 948 2380 Antoninorum
973 2325 1126 2404 tempora
1149 2315 1379 2390 descendasil

148 2401 224 2472 Vix
259 2421 406 2486 unquam
442 2395 621 2462 meliorem
655 2390 846 2485 principem
880 2399 1010 2465 vidisse
1042 2403 1160 2467 orbem
1192 2405 1379 2478 terrarumt

149 2510 250 2576 quam
273 2482 487 2558 Antoninum
508 2481 622 2562 Pium,
645 2482 860 2548 consentiunt
881 2505 1015 2566 omnes,
1046 2487 1222 2554 historiam
1244 2479 1379 2558 rerum}

149 2575 192 2640 ab
223 2593 264 2636 eo
292 2580 463 2656 gesturum
492 2566 567 2632 fere
593 2569 723 2634 nullam
750 2569 922 2651 habemus.
975 2569 1139 2656 Quamvis
1167 2573 1261 2638 enim
1290 2595 1379 2642 nont

149 2655 320 2724 defuerint
347 2651 657 2739 temporibusillis
684 2652 839 2740 ingenia,
888 2679 974 2744 quae
1002 2657 1040 2724 in
1068 2659 1174 2727 rebus
1201 2661 1280 2732 aevi
1307 2658 1379 2724 suit

113 2819 115 2826 ,
149 2739 338 2812 scribendis
364 2739 499 2805 laudem
529 2753 749 2838 qpaererent3
785 2743 946 2808 accedere
967 2754 1080 2809 tamen
1101 2745 1248 2810 debebat
1271 2727 1379 2812 alte-i

148 2855 240 2896 rum:
281 2847 404 2914 nempe
432 2838 470 2890 ut
496 2837 623 2913 scrtpta
651 2847 769 2892 eorum
797 2835 948 2892 nostram
967 2837 1120 2896 ‘aetatem
1141 2829 1379 2918 attingerent„

148 2915 291 3002 inquo,
319 2923 479 2998 quantum
502 2934 522 2974 a
542 2910 700 2984 fortunae
723 2911 855 2977 casibus
878 2913 1057 3012 penderet,
1085 2939 1186 2993 nemo
1208 2921 1279 2982 non'
1301 2919 1379 2983 in-

146 2999 279 3083 telligit.
321 2999 377 3062 Ao
399 3019 498 3062 caeca
520 2995 665 3083 quadam
685 3010 776 3062 sorte
797 3020 931 3086 saepms
952 3000 1107 3066 evenisse
1128 2999 1295 3083 ridemus,
1322 3015 1357 3068 ut
1378 2999 1379 3074 l

148 3109 187 3152 ea
215 3084 289 3181 ipsa
316 3103 438 3166 opera,
472 3080 509 3146 in
537 3079 661 3169 quibus
690 3083 931 3169 componendis
961 3100 997 3150 et
1026 3088 1235 3154 exornandis
1263 3079 1379 3172 tanto}

42 3199 45 3202 ·
148 3169 261 3244 studro
289 3165 418 3232 versati
448 3181 561 3232 essent
590 3166 793 3255 scriptores,
836 3184 874 3235 ut
906 3183 1043 3236 aeterna
1074 3173 1204 3262 ingenii
1232 3197 1379 3239 mortu-¹

77 3261 80 3274 '
146 3267 260 3322 munta
284 3251 430 3341 posteris
453 3251 488 3315 iu
510 3251 552 3316 iis
574 3251 768 3350 relinquere
790 3253 1006 3337 viderentur,
1028 3265 1223 3346 temporum
1241 3259 1379 3334 flocti,

147 3343 211 3408 bue
234 3340 415 3414 submersa
432 3337 520 3417 siut,
542 3359 617 3404 oum
639 3339 721 3422 aha,
760 3363 847 3428 quae
875 3344 933 3408 rel
960 3343 997 3408 in
1027 3342 1199 3430 privatum
1227 3357 1355 3412 tautum

146 3445 261 3506 usum,
294 3425 352 3491 vel
373 3422 590 3504 tumultuaria
613 3443 717 3512 opera
740 3425 920 3514 compilata
942 3441 1073 3512 esseut,
1114 3453 1161 3496 ex
1185 3430 1355 3498 communi

147 3514 212 3580 boc
230 3505 442 3608 sdecplorum
461 3508 648 3598 naufragio,
668 3511 763 3599 quod
783 3535 828 3578 ne
848 3511 917 3603 ipsi
938 3515 1076 3604 quidem
1098 3529 1254 3598 auctores
1275 3541 1355 3616 spe·
1378 3521 1379 3590 l

146 3613 224 3668 rare
245 3619 320 3664 aust
339 3592 484 3679 fuerunt,
516 3596 612 3664 salra
634 3597 815 3664 evaserint.
1378 3599 1379 3604 ’

201 4040 203 4044 ’
233 4037 523 4108 Annumerandus
558 4051 610 4108 est
643 4039 736 4106 hisce
768 4037 991 4132 scriptoribus
1022 4061 1113 4110 cum¹
1135 4040 1251 4112 multia
1279 4043 1351 4112 aliis

149 4127 326 4198 Iustinus)
349 4127 462 4193 ‘ouius
490 4125 777 4216 historiasllLlV
797 4129 902 4194 'libris
929 4131 1213 4217 'comprehensam
1252 4128 1351 4197 hodie
1378 4133 1379 4206 ἶ

151 4211 447 4312 atihttclleghantur.¹
478 4211 633 4304 &Cumas
648 4213 741 4279 intet-
759 4235 898 4298 omnes,
928 4215 1093 4286 lustinum
1117 4216 1224 4296 huno,
1257 4213 1379 4304 quis-⁴

23 4303 25 4312 ’
134 4298 226 4390 ouis
247 4297 370 4381 fuerit,
388 4299 519 4366 nullam
539 4299 607 4368 sibi
629 4297 960 4390 prorum-taudem
978 4299 1178 4376 in'bistoria
1199 4303 1373 4408 securi-3,

75 4417 79 4423 ,
663 4419 666 4448 Ι
877 4429 884 4441 x
947 4411 949 4424 .
