2740 4854
46 307 50 320 .
146 269 206 322 011
400 267 534 318 noel
570 265 679 319 POMP.
714 263 987 315 FRAGMENTA
1018 256 1098 312 B‘r'tk
1235 337 1258 380 ·

229 431 315 500 aliine
337 431 510 500 fideliores
528 429 665 497 litterae
686 427 885 496 ostendunt:
913 405 1044 494 constat
1065 438 1192 491 tamen,
1207 435 1245 494 et
1265 423 1349 488 inter

133 555 138 562 ·
228 520 314 586 alios
336 511 538 607 scriptores,
563 539 706 606 regnum
734 514 958 604 Assyriorum
986 539 1005 578 a
1026 513 1116 577 Nino
1138 533 1222 598 rege
1248 508 1348 574 inisse

225 605 328 671 tonos
353 609 488 694 lateque
510 615 715 692 porrectum.
768 599 992 690 Augustinus
1014 601 1075 666 lib.
1095 597 1163 670 IV.
1186 596 1236 662 de
1262 600 1348 660 civi-

226 659 306 756 tati
326 691 399 758 Dei
422 699 501 780 cap.
524 701 556 760 ,6.

187 873 197 892 .
224 828 406 918 Pompeius
427 829 610 897 historicus
630 828 770 918 eiusque
784 825 968 912 'breviator
989 823 1136 892 Iustinus
1158 821 1263 890 dccet
1288 839 1348 888 erc.

151 973 155 982 ,
223 916 376 1012 {Orosius
395 917 496 1024 Hirr.
513 916 577 982 lib.
598 917 627 980 Ι.
649 937 731 1004 cap.
752 921 784 980 8.

101 1055 103 1062 ‘
186 1082 202 1118 .’
232 1056 297 1120 Ait
320 1055 410 1122 enirn
436 1055 618 1146 Pompeius
640 1053 721 1120 'sive
751 1051 899 1122 lustinus
928 1050 995 1117 hoc
1022 1049 1144 1116 modo:
1174 1050 1350 1138 Aegyptii

132 1198 136 1224 ,
224 1163 305 1292 55er
331 1143 490 1314 522&le
525 1159 560 1208 et
592 1141 805 1227 vitiliginem
833 1137 1102 1227 paterentur&
1133 1146 1197 1203 etc.
1250 1137 1349 1202 Idem

181 1413 190 1432 .
222 1363 267 1430 Et
289 1351 450 1454 qtioniam
472 1391 518 1434 ex
540 1369 606 1436 hoc
627 1365 698 1432 iam
716 1363 842 1432 Punica
864 1365 952 1428 bella
974 1358 1173 1440 succedunt,
1195 1387 1253 1432 res
1278 1366 1349 1451 ipsa

225 1451 348 1540 exigit,
377 1465 414 1516 ut
436 1454 479 1518 de
500 1452 723 1540 Carthagine,
753 1473 838 1538 quae
860 1463 937 1512 ante
957 1449 1075 1515 urbem
1097 1450 1243 1534 Romam
1267 1452 1349 1517 duos

223 1552 259 1602 et
280 1537 492 1626 septuaginta
515 1563 631 1606 annos
644 1537 687 1604 ab
701 1535 793 1602 Elisa
816 1534 951 1601 condita
972 1532 1155 1616 invenitur,
1179 1536 1254 1602 eius
1280 1541 1349 1603 cla-

170 1647 176 1670 s
223 1623 324 1688 dibus
357 1647 398 1690 ac
434 1625 628 1691 domesticis
661 1623 776 1703 malis,
816 1621 902 1686 sicut
930 1619 1113 1707 Pompeius
1142 1621 1286 1710 Trogus
1320 1637 1349 1690 et

223 1706 370 1775 lustinus
393 1709 608 1810 exprimunt,
630 1711 689 1775 vel
710 1730 816 1796 pauca
838 1705 1040 1774 referantur.
1083 1707 1347 1800 Carthaginien-

117 1819 120 1830 ¹
224 1815 277 1858 ses
296 1833 341 1844 —
359 1797 513 1862 hommes
535 1810 573 1864 ut
594 1795 750 1862 victimas
771 1793 1012 1874 immolabant,
1043 1807 1258 1882 aetatemque
1282 1795 1348 1862 im-

222 1881 404 1966 puberem,
435 1905 520 1970 quae
543 1881 645 1948 etiam
665 1881 814 1946 hostium
837 1877 1106 1945 misericordiam
1132 1885 1347 1966 provocaret,

157 1965 163 1977 “
222 1963 291 2030 aris
338 1967 576 2034 admovebant.
612 2005 655 2018 —
693 1964 810 2052 ltaque
847 1963 1145 2052 Carthaginienses
1192 1967 1347 2036 adversis

222 2045 300 2115 Diis
322 2068 465 2139 propter
485 2050 681 2118 istiusmodi
702 2075 813 2134 sacra,
842 2051 930 2116 sicut
951 2049 1132 2140 Pompeius
1154 2049 1299 2141 Trogus
1320 2071 1348 2121 et

99 2189 115 2208 ,,
221 2132 371 2203 lustinus
386 2139 550 2218 latentur,
580 2138 669 2204 sicut
690 2151 803 2202 autem
831 2135 921 2222 apud
948 2157 1012 2204 nos
1032 2149 1180 2215 constat,
1204 2137 1368 2230 'proptert

220 2221 506 2318 praesumtionem
527 2221 802 2320 impietatemque
829 2221 983 2308 ipsorum
1011 2223 1100 2290 irato
1123 2225 1215 2306 Deo,
1232 2245 1347 2318 ‘quum

219 2327 256 2370 rc
278 2306 395 2374 Sicilia
423 2308 484 2374 diu
511 2305 696 2374 infeliciter
726 2305 943 2372 duuicassent
975 2326 1041 2376 ecc.
1070 2309 1171 2376 Idem
1200 2315 1346 2384 tiu-JV.

220 2411 300 2481 cap.
323 2405 352 2460 6.
1366 2397 1367 2404 ’

134 2537 189 2598 20.
221 2527 270 2597 In.
285 2531 396 2622 primo
417 2531 536 2601 libello
559 2531 754 2621 expositum
777 2555 797 2598 a
816 2531 916 2598 nobis
937 2547 1000 2614 est,
1025 2533 1227 2626 Pompeium
1250 2541 1349 2610 Tro-

220 2641 301 2718 gum
328 2631 379 2683 et·
397 2618 593 2684 Cornelium
620 2618 780 2684 Tacitum
809 2639 1107 2718 commemorasse,
1146 2645 1218 2691 non
1246 2631 1347 2718 plene

220 2705 375 2792 quidem,
412 2717 566 2769 nostrum
588 2726 672 2772 vero
694 2704 857 2792 Moysen,
888 2719 990 2771 ettam
1012 2706 1165 2804 ipsorum
1187 2711 1365 2796 testimo-v

210 2789 278 2854 ,nio
300 2789 453 2870 fidelem,
493 2781 640 2856 ¹fideliter
669 2788 939 2880 sufficienterque
962 2790 1111 2877 dixisse,
1147 2797 1346 2888 Aegyptios

171 2905 176 2918 ·
220 2893 287 2940 etc.
328 2873 430 2938 Idem
453 2875 515 2941 lilr.
540 2875 619 2940 VII.
643 2898 723 2964 cap,
746 2885 800 2942 27.

34 3067 38 3070 .
133 3020 186 3082 2¹.
217 3011 387 3111 Mescinius
418 3011 493 3078 illas
523 3013 701 3102 Scythicas
732 3027 870 3100 gentes,
908 3015 1179 3109 formidatosque
1215 3025 1346 3090 cunctis

217 3099 420 3195 maioribus,
441 3100 644 3197 Alexandro
663 3122 799 3194 quoque
819 3099 871 3166 itti
893 3100 1029 3190 Magno,
1053 3106 1139 3173 sicut
1158 3108 1346 3196 Pompeius

219 3181 464 3272 Corneliusque
479 3199 592 3252 testati
607 3198 696 3266 sunt,
717 3186 860 3253 evitatas
876 3205 942 3260 etc.
981 3189 1080 3280 Ide'nz
1097 3191 1185 3262 ibid.
1195 3217 1278 3284 cap.
1295 3205 1346 3260 34.

89 3361 93 3366 ,
134 3331 196 3392 22..
217 3321 275 3389 De.
293 3334 409 3389 monte
425 3323 539 3390 Aetna
560 3321 707 3390 lustinus
727 3323 766 3390 in
787 3324 878 3391 libro
892 3326 1168 3412 historiarum**)
1190 3332 1239 3400 ita
1254 3333 1346 3400 scri-

218 3409 279 3488 bit,
302 3407 436 3473 dicens:
458 3409 608 3474 Siciliae
629 3411 736 3474 tellus
758 3415 876 3476 tenuis
892 3417 1102 3502 acfrngilis
1123 3426 1159 3482 el
1181 3425 1365 3485 cavernis:

94 3489 103 3506 ⁸
219 3491 435 3581 quibusdam
448 3492 656 3580 fistulisque
672 3495 728 3559 ita
747 3498 985 3582 penetrabilis
1000 3514 1066 3590 etc.
1083 3503 1244 3570 [sidone
1260 3505 1347 3570 His-

218 3581 296 3668 pal.
326 3575 373 3644 cle
394 3591 531 3647 natura
553 3601 672 3646 rerum
693 3601 774 3670 cap.
799 3593 830 3654 6.
890 3623 893 3631 .

131 3757 341 3781 m—

174 3888 202 3974 ’)
226 3887 377 3968 Lsguntur
403 3889 477 3953 laec
503 3892 583 3974 opud
616 3893 722 3960 lustin.
740 3875 907 3974 XXXVI,
935 3909 965 3976 2,
1000 3907 1051 3964 12.
1099 3901 1227 3968 Omnino.
1250 3905 1344 3970 Orc-

216 3977 277 4036 st'rts
298 3997 340 4038 ex
361 3973 474 4041 Iustino
494 3977 639 4066 pleraque
658 3987 843 4069 trunscripsit
864 3987 896 4061 in
915 3987 1056 4052 historias
1073 4015 1154 4054 suar.
