2740 4854
153 318 156 322 ’
240 347 300 398 ua
323 345 470 398 rnoor
489 346 620 406 ronne,
641 345 803 410 enarra
824 349 878 398 nn
895 347 1026 415 tucn,
1054 362 1059 365 ·
1121 347 1223 405 ιω

24 509 211 576 ordinandis
241 512 483 600 accuratiorem
513 513 632 602 utique
659 515 869 604 diligentiam
890 536 992 604 quam
1015 519 1050 582 in
1069 513 1221 604 Philippi

22 596 165 661 historiax
185 597 371 664 adhibitam
400 599 520 678 viden,
550 610 714 671 tceterum
749 603 790 667 ad
820 601 995 668 historiam
1023 603 1221 668 Alexandri

24 682 245 750 adornandam
283 707 402 772 parum
430 707 475 750 ex
496 681 643 753 'Iustino'
666 687 827 776 praedidii
856 687 927 776 peti
958 699 1081 774 potest.
1125 685 1222 769 Quae

23 767 99 831 eninr
131 768 240 833 tradit
268 768 342 834 fere
369 769 480 836 omnia
511 773 634 838 clarius
666 787 700 838 et
721 771 889 862 copiosius
911 773 1001 858 apud
1023 773 1107 837 alios
1130 773 1221 838 scri-

22 867 144 937 ptores,
189 855 368 940 quinobis
391 869 588 942 supersunt,
630 857 836 940 Diodorum,
871 857 1113 922 Arrianumet
1134 857 1222 922 reli-

22 959 95 1024 quos
125 939 285 1025 exposita
312 941 472 1027 reperies.
528 940 673 1008 Fabulas
701 963 837 1032 quoque
864 943 1010 1029 recepit,
1050 944 1145 1009 velut
1175 943 1220 1010 de

21 1027 229 1089 Amazonum
250 1025 368 1121 regina
390 1026 431 1092 ad
451 1025 701 1112 Alexandrum,
722 1041 759 1094 ut
780 1029 912 1116 prolem
932 1051 978 1094 ex
1001 1049 1042 1094 ec
1064 1027 1221 1116 suscipe-

21 1121 81 1190 ret,
105 1108 282 1198 prolecta,
309 1111 356 1175 de
377 1109 494 1176 Indiae
514 1113 702 1195 miraculis,
739 1126 775 1179 et
800 1113 874 1180 alia
916 1112 1001 1178 Sunt
1023 1111 1160 1201 quidam
1182 1114 1221 1182 in
1305 1189 1311 1202 ¹

21 1193 66 1259 his
85 1207 118 1258 et
138 1194 177 1276 in
199 1195 263 1267 reli
289 1196 340 1260 nis
360 1198 470 1285 plura,
490 1219 577 1284 quae
600 1199 703 1268 habet
725 1197 828 1264 etiam
849 1198 985 1265 Curtius
999 1199 1052 1285 ἢ,
1075 1217 1220 1286 quocum

23 1281 149 1345 eosdem
178 1219 350 1346 interdurn
377 1280 489 1347 fontes
519 1282 641 1349 adiisse
669 1283 807 1354 ridetur
834 1283 985 1370 Trogus.
1032 1283 1159 1349 Verum
1182 1284 1219 1360 in

21 1379 104 1430 tanto
126 1367 195 1430 scri
223 1381 335 1432 torum
358 1367 416 1454 qui
438 1367 480 1432 de
493 1368 698 1434 Alexandro
720 1367 888 1456 scripsere
909 1389 1023 1468 grege,
1045 1390 1130 1456 quos
1152 1369 1221 1434 du·
1289 1375 1296 1390 “
1331 1433 1335 1451 ,

22 1474 67 1514 ces
87 1451 155 1516 sibi
177 1388 319 1539 cingerit
340 1453 521 1538 explorare
540 1475 666 1520 vanum
686 1453 793 1535 foret,
816 1477 877 1519 nec
896 1477 924 1518 st
945 1454 1118 1539 explorari
1131 1476 1221 1549 pos·-

23 1551 99 1614 sent‚
121 1539 267 1602 ntultum
279 1536 359 1601 inde
376 1537 577 1602 lucraturarn
597 1561 670 1606 esse
688 1539 882 1622 historiam,
905 1561 951 1604 ex
961 1539 1004 1606 iis
1016 1559 1102 1628 quas
1115 1540 1218 1608 modo

23 1621 127 1706 docui,
151 1622 254 1690 facile
276 1622 467 1711 intelligent
488 1625 641 1696 lectores.

91 1969 281 2060 Excipiunt
302 1970 385 2038 haec
407 1971 498 2036 libro
521 1870 736 2038 Xiilislilv.
759 1984 793 2037 et
813 1969 895 2038 XV.
916 1935 1006 2036 bella
1026 1970 1117 2038 inter
1138 1995 1219 2039 suc-
1253 2049 1259 2074 ι
1308 1965 1312 1984 '

21 2079 161 2123 cessores
184 2057 379 2122 Alexandri
401 2055 444 2122 M.
474 2057 553 2124 inda
581 2058 623 2120 ab
652 2055 724 2121 eius
750 2069 859 2122 morte
880 2079 986 2144 usque
1008 2058 1049 2121 ad
1071 2081 1218 2148 pugnam

22 2144 56 2206 ad
76 2141 190 2232 lpsum
204 2144 258 2227 v(a.
275 2141 313 2208 C.
330 2147 525 2228 323η-301.)
547 2153 649 2236 gesta.
688 2140 728 2206 ln
748 2141 847 2206 brevi
869 2141 933 2206 hoc
952 2143 1115 2230 temporis
1136 2168 1219 2232 spa-

21 2229 61 2293 tio
81 2243 192 2293 tantas
215 2241 346 2296 constat
368 2242 506 2298 exortas
528 2227 632 2292 fuisse
652 2249 766 2292 rerum
787 2226 1039 2309 conversiones,
1090 2247 1218 2314 nantas,

23 2314 45 2378 si
65 2327 213 2381 nostram
233 2327 375 2378 aetatem
398 2313 590 2401 exceperis,
611 2313 768 2385 vix.ulla
789 2313 855 2378 alia
876 2311 1033 2378 ostendit.
1087 2314 1220 2382 “xcita-

23 2401 134 2464 bantur
162 2419 250 2466 vero
278 2398 351 2485 ipsa
381 2400 442 2465 hac
471 2421 584 2464 rerum
613 2411 782 2485 gestarum
812 2396 1041 2485 magnitudine
1062 2412 1096 2464 et
1120 2403 1218 2488 copia
1276 2461 1278 2468 Α

22 2485 252 2551 historicorum
273 2483 426 2573 ingenia3
455 2485 501 2550 ita
525 2497 560 2548 ut
582 2505 673 2549 nova
694 2483 791 2572 quasi
812 2505 907 2570 seges
929 2504 1046 2549 eorum
1069 2507 1219 2574 proger-
1272 2527 1274 2536 ,

23 2571 174 2651 minaret,
202 2569 261 2667 qui
281 2573 338 2637 vel
356 2569 549 2636 Alexandri
571 2568 695 2655 ipsius,
724 2571 781 2635 vel
804 2590 1036 2634 successorum
1058 2570 1129 2635 eius
1153 2595 1218 2637 eo-

22 2679 152 2746 rumque
174 2653 338 2736 filiorum,
366 2677 450 2746 quos
474 2653 633 2740 διαδόχους
654 2669 688 2720 et
709 2653 878 2740 ἀπογόνους
898 2669 1037 2730 vocant,
1068 2659 1220 2744 expedi-

22 2742 120 2808 tiones
152 2754 186 2804 et
212 2741 281 2805 lata
309 2755 514 2806 enarrarent.
557 2739 693 2805 Nullum
713 2753 769 2806 ‘ex
800 2739 852 2804 his
882 2737 1095 2825 superstitem
1119 2742 1218 2808 nobis

24 2829 121 2894 noluit
138 2849 213 2891 esse
228 2825 381 2906 fortuna3
403 2849 442 2892 ao
463 2825 529 2891 nisi
548 2839 684 2915 praeter
700 2823 865 2892 lustinum
885 2825 995 2888 multa·
1011 2847 1056 2889 ex
1075 2825 1119 2890 iis
1140 2839 1230 2892 ser-¹

23 2929 151 2979 rassent
175 2911 349 2987 Diodorus
372 2925 403 2975 et
426 2925 542 2998 postea
564 2911 747 3000 Polybius,
769 2923 960 2996 temporum
981 2908 1117 2976 illorum
1140 2935 1218 2976 me-

22 3000 154 3065 moriam
186 2999 259 3068 l'ere
286 2999 409 3061 nullam
439 2998 650 3062 haberemus.
700 2995 853 3063 Pendere
880 3007 993 3060 tamen
1021 2999 1218 3066 enehorum

25 3085 220 3174 scriptorum
249 3083 370 3148 notitia
397 3080 560 3150 librorum
586 3080 707 3148 lustini
735 3079 947 3180 sequentinm
975 3082 1217 3167 auctoritatem,

22 3195 74 3258 per
103 3193 139 3234 se
168 3178 276 3256 patet;
302 3191 416 3257 -quare
438 3188 544 3256 pauca
570 3171 687 3233 saltem
707 3167 751 3234 de
772 3167 815 3232 irs
837 3165 873 3230 iu
895 3163 1091 3231 universum
1113 3193 1220 3257 prae·

21 3255 180 3321 monenda
215 3253 322 3332 ‹hrco;
360 3254 498 3342 copiose
530 3254 619 3320 enim
648 3265 682 3318 et
710 3263 866 3320 accurate
893 3249 938 3316 de
963 3247 1007 3316 iis
1035 3253 1218 3343 disputare,

21 3363 75 3406 nec
94 3340 195 3405 huius
218 3339 285 3416 loci
307 3337 398 3406 iuret
419 3361 481 3404 nec
507 3337 682 3440 temporis.
846 3357 848 3362 ·

94 3425 245 3492 Fu'erunt
265 3445 351 3490 vero
371 3425 461 3491 inter
479 3423 571 3512 ipsos
593 3425 662 3490 iam
683 3421 846 3488 historiae
860 3419 1054 3495 Alexandri
1069 3425 1219 3516 scripto-

22 3535 85 3593 res,
122 3511 180 3600 qui
209 3509 395 3575 res'etiam
420 3523 498 3599 post
519 3511 591 3586 eins
612 3521 755 3576 mortem
777 3521 887 3595 gestas
908 3520 1219 3594 commemorarent,

24 3614 114 3684 atque
142 3597 185 3660 ad
213 3595 591 3694 posteriora'tempora
620 3593 971 3660 narrationemsuam
999 3595 1220 3676 deducereris

23 3684 72 3748 alii
92 3704 194 3764 vero,
225 3703 286 3769 qut
313 3685 410 3758 unice
438 3683 525 3750 hanc
552 3680 714 3748 historiae
742 3692 872 3778 partem
895 3679 1130 3766 explicandam
1153 3683 1220 3748 sihi
1332 3751 1334 3756 ,
1368 3749 1369 3752 ,

24 3782 199 3847 sumeren13
231 3787 376 3854 quorum
399 3767 525 3856 scripta
547 3790 609 3852 pro
630 3779 794 3854 temporis
814 3765 925 3853 spatio
946 3765 1038 3853 quod
1060 3787 1221 3856 compre·-

23 3853 221 3932 hendebant,
258 3853 571 3942 atqueqargunsenti
592 3852 744 3931 ratione,
782 3850 913 3916 diversi
941 3872 1058 3916 rursus
1086 3851 1222 3938 generis

24 3939 121 4004 inere.
164 3935 267 4026 Quod
289 3937 333 4006 ad
354 3952 486 4036 tempus
510 3937 645 4022 attinet,
681 3951 773 4004 aetas
794 3939 857 4012 noir
877 3935 1042 4023 διαδόχων,
1070 3937 1132 4010 tub
1154 3947 1222 4028 qno

28 4109 221 4130 Ἥ

58 4219 86 4294 *)
117 4215 157 4282 V.
187 4235 215 4282 c.
242 4220 285 4281 ὑπ’
304 4211 578 4282 adlocutione'ante
593 4235 724 4303 ptrgaum
743 4217 787 4280 ud
807 4217 902 4282 haam
926 4209 1010 4282 (irari.¹
1030 4206 1093 4294 ῙῙῘ,
1118 4225 1168 4283 to.
1190 4219 1223 4282 br

99 4304 137 4362 iis
157 4329 230 4387 quae
251 4305 319 4372 unte
335 4303 484 4404 praelium
503 4305 585 4390 opud
604 4303 753 4374 Anhelans
776 4302 1147 4394 occidsmnt,''0urt,1V,
1169 4314 1222 4382 td,

103 4405 128 4446 et
149 4388 226 4452 aliae
