2740 4854
18 615 33 640 ,.
135 559 234 625 mites
258 583 330 626 eius

100 378 103 397 ¹
135 305 251 365 Ham
345 367 349 374 ,
505 327 508 344 ·
559 308 595 364 Δ,
618 310 660 358 B·
687 307 724 363 L,
748 307 927 361 REBREN

135 471 273 542 nomine
290 473 431 626 proprie
449 474 602 566 proximi
622 473 817 544 Alexandri
838 491 1063 553 successores,
1083 469 1142 560 qui
1156 469 1261 538 modo
1276 493 1338 537 oo·
1356 495 1357 532 1

281 560 289 574 '
368 574 500 644 nerant,
551 563 885 649 comprehenduntur
904 562 961 640 li),
1005 579 1110 644 usque
1131 558 1176 624 ad
1196 571 1340 622 mortem

136 645 271 732 Seleuci
298 646 486 729 Nicatoris,
507 647 568 735 qni
588 647 725 714 ultimus
747 647 857 712 exiis
879 643 980 727 obiit,
1001 666 1117 708 caesus
1139 667 1168 708 a.
1194 641 1338 722 G.,2St.,

135 731 318 818 procurrit.
360 732 477 823 Neque
498 748 609 800 tamen
629 731 810 801 terminum
832 733 921 803 huuc
942 751 1151 796 communem
1175 727 1239 794 sibi
1263 751 1340 795 om-

136 839 196 882 nes
220 838 381 902 posuere,
409 841 484 884 cum
506 835 619 888 essent
639 819 713 901 alii,
735 819 945 908 qni-partem
966 829 1095 880 tantum
1116 815 1218 882 stadii
1239 816 1339 880 huius

137 899 351 984 conficerent,
374 899 442 986 alii,
462 905 521 994 qui
542 907 629 970 ultra
649 905 735 972 illud
757 903 1051 993 progrederentur.
1081 899 1157 980 ,Nec
1176 900 1339 970 minorem

136 985 370 1058 diversitatem
385 990 629 1078 deprehendas,
652 990 682 1056 si
699 1004 930 1078 argumentum
949 989 1042 1074 quod
1055 986 1099 1072 ,in
1117 985 1254 1073 scriptis
1274 985 1340 1050 sais

137 1093 330 1160 exposuere
350 1087 491 1161 spectes.
535 1077 639 1144 Pauci
660 1077 750 1142 enim
771 1075 876 1142 fuisse
900 1073 1080 1158 videntur,
1112 1072 1171 1161 qui
1192 1073 1342 1137 omnium

103 1176 106 1180 ·
136 1155 379 1243 imperatorum
400 1161 491 1226 illius
514 1163 636 1236 aetatis
651 1161 829 1241 historias,
866 1181 1068 1247 omnemque
1089 1181 1203 1227 rerum
1225 1171 1348 1246 geste.

71 1280 73 1284 f
135 1245 377 1340 runnmnlem,
398 1245 546 1336 scriptis
568 1247 637 1330 suis
659 1249 981 1332 complecterenturs
1018 1265 1095 1310 cnm
1124 1243 1280 1336 plerique
1307 1242 1359 1308 iu*

64 1351 73 1371 ·
104 1411 109 1416 .
137 1348 179 1394 eo
202 1329 439 1414 subsisterent,
474 1345 512 1396 ut
537 1352 641 1408 unum
670 1334 856 1399 alterumve
885 1329 1073 1418 principem
1103 1329 1341 1396 celebrantium

136 1412 203 1478 sibi
222 1431 405 1485 sumerent.
449 1415 542 1488 Cum,
563 1411 654 1498 enim
678 1415 745 1506 ipsi
771 1439 885 1484 rerum
912 1415 1045 1486 eventis
1067 1437 1136 1482 non
1158 1415 1268 1480 modo'
1285 1437 1342 1478 es-

137 1509 213 1576 sent
248 1504 423 1590 aequales,
465 1503 526 1566 sed
553 1502 698 1589 imperio
725 1523 861 1590 quoque
888 1503 945 1570 vel
973 1501 1244 1578 Seleucidarum,
1286 1501 1341 1564 vel

135 1581 425 1664 Ptolemaeorum,
460 1589 518 1656 vel
547 1587 691 1654 aliorum
718 1587 877 1667 subiecti,
899 1587 1137 1674 ¹atque-'etiam
1160 1584 1360 1668 examinis,

136 1667 228 1736 haud
250 1693 328 1736 raro
348 1695 386 1737 ac
408 1669 630 1738 familiaribus
652 1687 763 1738 essent
781 1672 989 1761 principum,
1011 1686 1045 1737 et
1063 1673 1126 1738 sub
1143 1694 1261 1738 eorum
1280 1696 1360 1738 au-¹

28 1809 32 1814 ,
88 1829 92 1838 Δ
137 1755 254 1839 spiclis
267 1758 472 1836 scriberent,
492 1756 566 1832 lieri
586 1757 638 1824 fix
659 1758 786 1858 potuit,
810 1758 890 1847 quin
911 1757 948 1822 in
968 1758 1090 1824 horum
1111 1779 1246 1844 quoque
1265 1761 1360 1846 lern-¹

137 1838 237 1908 dibus
267 1843 477 1909 celebrandis
505 1843 653 1909 studium
680 1867 828 1910 maxime
855 1857 1030 1931 ponerent.
1081 1841 1177 1926 Quae
1199 1859 1274 1914 cum
1296 1843 1342 1908 ita

138 1940 267 2008 essent,
306 1927 499 2016 exspectari
525 1929 626 1997 etiam
654 1927 718 2028 viri
745 1929 873 2028 potuit,
907 1927 1056 2002 maxime
1085 1930 1122 1994 in
1151 1943 1340 2012 temporum

21 2029 22 2036 ’
102 2047 108 2056 ·
137 2011 274 2086 illorum
303 2014 431 2097 turbis,
466 2037 542 2080 cum
564 2015 732 2084 continuis
753 2031 843 2082 inter
864 2037 900 2078 se
922 2013 1010 2084 odiis
1033 2037 1072 2080 ac
1095 2014 1192 2079 bellis
1215 2013 1361 2101 flagra-³

136 2111 213 2166 rent
229 2097 410 2187 principes,
437 2099 567 2166 utsine
587 2100 639 2166 ira
659 2114 693 2166 et
715 2099 827 2167 studio
850 2099 1056 2166 scriberetur
1073 2099 1227 2166 historie.
1270 2101 1341 2166 Hoc

136 2193 222 2252 'vero
244 2183 353 2271 ipsum
375 2199 436 2264 est,
456 2185 547 2250 unde
568 2185 738 2271 praesidia
757 2187 920 2254 nonnulla
942 2183 986 2250 sd
1004 2185 1261 2271 investigandos
1283 2186 1342 2250 ln-

138 2269 218 2338 stini
238 2270 349 2351 nostri
370 2269 481 2346 sontes
504 2271 574 2359 peti
596 2283 747 2358 possunt.
792 2271 876 2338 Cum
906 2269 995 2338 enim
1027 2271 1230 2358 scriptorum
1261 2271 1341 2336 illo-

137 2380 214 2424 rum
237 2370 452 2422 monumenta
472 2369 600 2422 tantum
621 2345 690 2424 noir
711 2355 823 2424 ornnie
836 2357 1046 2438 interierint,
1069 2359 1133 2422 hoc
1154 2355 1228 2422 iere
1245 2359 1340 2424 unice

138 2455 262 2522 restat,
283 2455 320 2506 ut
342 2467 387 2508 ex
410 2465 470 2521 ec,
497 2445 629 2528 qualem
652 2467 688 2508 se
711 2445 767 2508 vel
788 2442 823 2507 in
848 2443 1015 2510 laudando
1037 2446 1093 2508 vel
1115 2443 1151 2508 in
1174 2445 1340 2531 carpendo
1361 2451 1362 2494 l

138 2529 206 2594 hoc
237 2529 294 2592 vel
330 2525 391 2593 illo
425 2526 580 2616 principe
615 2529 775 2616 praebeat
804 2527 968 2610 lustinus,
1013 2551 1113 2618 quem
1141 2525 1207 2594 sibi
1237 2529 1340 2595 in'ec

139 2613 261 2690 ducem
287 2612 456 2696 elegerit,
489 2613 674 2681 eliciamus.
729 2613 887 2681 Emineht
918 2635 1002 2680 vero
1029 2613 1119 2678 inter
1146 2613 1340 2701 scriptores,

139 2699 274 2788 quires
297 2697 467 2782 proximis
497 2699 592 2766 annis
613 2713 691 2788 post
712 2699 907 2764 Alexandri
929 2711 1073 2764 mortem
1095 2713 1207 2786 gestas
1230 2723 1341 2784 expo-

39 2787 42 2810 '
139 2807 254 2865 suere,
279 2783 719 2866 elearchienrntexandri
742 2807 872 2865 comes,
892 2783 985 2849 cuius
1001 2781 1176 2850 historiam
1194 2784 1228 2853 in
1246 2787 1340 2852 libris

139 2875 200 2940 rain
220 2877 292 2956 περὶ
310 2871 512 2957 Ἀλέξανδρον
531 2871 787 2959 conscripserat,
809 2870 973 2958 simulque
995 2869 1172 2954 proximas
1194 2893 1340 2938 conver-

139 2958 253 3026 siones
275 2956 469 3036 addiderat,
508 2956 655 3043 scriptor
675 2956 761 3020 levis
784 2955 963 3020 wlnodum
985 2954 1066 3022 fidei
1086 2957 1168 3038 *Ἲς
1211 2958 1340 3045 Megu-

137 3043 296 3123 sthenea,
318 3041 451 3110 Seleuci
472 3041 640 3108 Nicatoris
662 3040 811 3129 aequalis
833 3055 866 3106 et
888 3041 1031 3121 arnicus,
1053 3040 1087 3107 in
1108 3040 1236 3107 Indicis
1259 3045 1341 3126 suis3

57 3171 59 3182 »
94 3195 96 3204 χ
137 3129 388 3202 Anaximenes
409 3129 685 3216 Lampsacenus,
705 3129 825 3192 rhetor
850 3139 884 3192 et
906 3126 1096 3208 historicus,
1117 3128 1153 3192 in
1176 3127 1341 3218 Philippi·

67 3229 69 3234 '
139 3215 188 3284 ois
208 3213 277 3282 suia
301 3237 360 3280 seu
383 3213 627 3296 Macedonicis,
648 3211 759 3279 Duris
781 3213 940 3282 Samius,
988 3212 1021 3278 ui
1042 3211 1263 3280 Macedonica
1287 3238 1341 3280 sua

109 3359 110 3366 ,
138 3289 207 3367 iam
229 3324 247 3364 a
269 3298 419 3384 Philippi
441 3299 486 3363 Μ.
510 3313 785 3364 aetateexorsus
806 3297 932 3372 iuerat3
962 3235 1209 3386 i'lplarclius,
1245 3301 1301 3389 qui
1324 3325 1341 3366 a

139 3385 266 3486 Pyrrhi
286 3385 322 3450 in
335 3385 604 3468 Peloponnesum
620 3383 811 3468 irruptione
828 3393 899 3448 272.
922 3407 1066 3451 exorsus
1085 3382 1249 3450 historias
1271 3409 1341 3450 snas

138 3471 262 3560 viginti
289 3470 496 3537 octo-libris
523 3491 628 3558 usque
656 3469 700 3534 ad
722 3465 912 3556 Cleomenis
933 3493 1048 3536 necem
1071 3479 1144 3534 221.
1167 3493 1197 3534 a.
1221 3469 1259 3538 C.
1282 3473 1341 3536 de-

140 3560 289 3633 duxerat
313 3555 411 3642 ***);
447 3567 481 3620 st
513 3555 571 3641 qui
606 3555 736 3644 primus
770 3553 917 3622 fortasse
936 3553 1178 3622 nominandus
1213 3555 1340 3632 suisset,

138 3647 190 3712 Hi
214 3663 378 3730 ronyrous
398 3639 614 3720 Cardianus,
636 3640 783 3730 primum
804 3640 958 3720 Eumeni,
979 3655 1057 3729 post
1077 3640 1240 3707 Eumenis
1262 3665 1342 3708 vero

137 3664 313 3800 intiritum
335 3725 512 3825 Antigono
534 3748 657 3812 inagno
677 3725 767 3790 inter
786 3726 912 3792 amicos
936 3739 969 3792 et
995 3725 1199 3807 familiares,
1242 3753 1341 3816 quare

138 3815 244 3888 arian
263 3815 300 3882 in
321 3811 474 3880 historiis
495 3811 564 3878 suis
586 3813 691 3881 multa
711 3811 749 3878 in
768 3811 938 3901 Antigoni
959 3811 1104 3900 gratiam
1124 3827 1245 3880 contra
1269 3814 1341 3902 Ly·-

139 3967 346 3997 Μ

181 4019 683 4149 *)ΟΧ.Ῑῖοεε.ῖ.ο,.ριι5.65.ν
749 4094 761 4118 .
851 4139 854 4144 Ι

181 4169 225 4250 ss.)
257 4163 537 4254 Ofie'thossium
566 4160 590 4228 l.
618 4185 648 4228 a.
678 4179 707 4228 et
732 4162 884 4251 Renum
913 4163 957 4247 tle
984 4161 1341 4249 furaberis-Sic.

230 4250 396 4334 Commeat.
419 4246 482 4312 ΠΙ.
826 4261 829 4277 ’
969 4317 997 4328 ,Ι
1056 4299 1059 4308 .
1131 4309 1136 4322 ¹

95 4349 99 4361 '
184 4343 243 4437 m¹)
267 4354 377 4417 Suirlns
397 4357 429 4418 iu
453 4349 627 4440 Φύλαρχος.
677 4343 678 4348 ¹
713 4321 714 4326 ἵ
741 4318 744 4342 ⁴

1004 4017 1011 4058 r
1031 4043 1036 4048 .
