2708 4858
219 225 329 330 Α186
634 275 982 328 tussiat.

119 449 122 464 “
232 437 439 530 AAntigouo
465 437 621 526 regibus,
654 459 771 506 omnes
800 437 907 508 ferme
930 437 1093 509 Graecias
1115 441 1280 520 civitates,
1296 441 1338 508 du-

262 543 357 612 cibus
384 539 575 630 Spartanis,
604 529 698 608 veldt
721 544 897 610 occasione
919 542 1007 622 data,
1029 543 1070 610 ad
1093 567 1188 630 spem
1209 544 1339 610 libertatis

263 661 406 724 erectae,
422 643 531 710 missis
553 643 697 710 invicem
720 645 855 732 legatis,
876 669 939 733 per
954 645 1084 733 quosin
1102 647 1268 712 societatis
1288 647 1338 714 lue

228 749 341 816 ddsre
364 747 604 836 adligarentur,
622 747 656 814 in
680 749 803 814 bellurn
827 763 1066 836 prorumpunt,
1087 764 1128 826 et,
1146 773 1189 816 ne
1205 775 1273 818 cum
1286 751 1338 816 Aa·

261 853 398 941 tigono,
421 851 483 917 sub
507 849 600 916 cuius
622 874 728 939 regno
752 864 857 932 erant,
875 853 996 916 bellum
1020 853 1152 938 cepisse
1167 853 1336 936 viderentur,

137 998 141 1006 ·
231 997 235 1010 ι
258 957 369 1024 socios
390 953 464 1020 sius
477 956 622 1022 Aetolos
647 953 899 1042 adgrediuntur,
913 977 1028 1020 causas
1049 955 1130 1022 belli
1146 959 1337 1046 praetenden-

213 1065 249 1132 ,t
260 1075 321 1142 tes,
343 1058 434 1146 quod
457 1077 620 1126 consensu
643 1056 805 1148 Graeciae
826 1071 991 1123 sacratum
1006 1058 1162 1146 Apollini
1178 1058 1336 1148 Cirrhaeuu

227 1175 414 1251 beempnun
445 1183 506 1249 per
532 1160 606 1230 vim,
631 1173 859 1251 occupassent.
910 1158 997 1226 Huic
1024 1163 1115 1228 bello
1145 1162 1260 1228 ducem
1280 1162 1336 1226 deli·

257 1278 341 1354 gunt
367 1266 503 1346 Arsen,
538 1263 613 1354 qui,
637 1266 789 1340 ‚adunato
818 1263 985 1346 exercitu,
1014 1267 1149 1346 urbem,
1180 1267 1334 1353 sataqueiu

256 1369 310 1436 his
336 1367 460 1456 campis
483 1367 594 1452 posita
608 1368 851 1457 depopulatur;
870 1390 954 1454 quae
970 1366 1101 1433 auferri
1116 1389 1183 1434 non
1207 1382 1335 1456 poteraut,

224 1471 415 1542 cincenslit.
459 1467 561 1551 Quod
591 1491 665 1536 cum
701 1493 720 1534 e
755 1469 924 1538 montibus
959 1469 1144 1558 conspicati
1171 1472 1335 1536 Aetolorum

255 1591 409 1667 pastores
437 1579 564 1653 essent',
595 1572 793 1662 congregati
822 1573 1004 1640 admodum
1032 1571 1209 1662 quingenti
1238 1594 1334 1661 sparsus

150 1743 154 1753 ,
253 1681 378 1758 hostes,
407 1677 668 1767 ignorantesque
688 1690 810 1762 quanta
834 1699 950 1742 manus
973 1691 1077 1750 esset,
1100 1675 1258 1764 quoniam
1279 1697 1334 1740 rou-

254 1795 407 1874 spectum
420 1779 487 1846 illis
511 1793 617 1846 metus
644 1793 677 1843 et
695 1777 927 1846 incendiorum
943 1779 1052 1844 sumus
1076 1778 1266 1863 abstulerat,
1279 1801 1334 1843 con·

253 1899 440 1966 sectantur,
461 1882 703 1972 trucidatisque
723 1883 902 1974 admodum
925 1903 1047 1951 novem
1075 1881 1240 1963 millibus,
1266 1906 1333 1970 prae·

223 1993 359 2059 udones
373 1987 408 2054 in
424 1986 537 2074 sugam
552 1985 735 2051 uerterunt.
780 1984 1026 2074 lleparnutibus
1049 1985 1173 2050 deinde
1196 1985 1332 2076 Spartanis

251 2096 377 2162 bellum
399 2089 563 2156 auxilium
587 2092 710 2184 multae
733 2087 886 2156 civitates
916 2101 1142 2174 negauerunt,
1167 2089 1332 2154 existiman·

187 2187 189 2200 ¹
252 2213 314 2274 tes,
339 2193 601 2260 dominationem
626 2213 693 2266 eos,
710 2213 776 2258 non
800 2191 990 2256 libertatem
1006 2191 1178 2270 Graeciae,
1195 2215 1331 2281 quaerere.

220 2301 381 2368 dlnterea
405 2296 610 2381 interreges
634 2295 755 2358 bellum
776 2294 911 2360 finitur:
941 2317 1016 2358 nam
1035 2294 1254 2376 Ptolemaeus,
1266 2296 1331 2383 pulsu

251 2402 448 2490 Antigono,
482 2421 555 2464 cum
586 2421 728 2485 regnum
759 2397 861 2462 letius
897 2395 1113 2476 Macedoniae
1153 2411 1328 2484 occupasset,

250 2529 368 2598 pacem
395 2527 470 2570 cum
492 2489 667 2568 Antiocho
689 2499 786 2580 facit3
822 2498 1094 2588 adfinitatemque
1127 2525 1205 2568 com
1219 2502 1344 2590 Pyrrho„

250 2611 329 2676 data
351 2605 382 2672 ei
405 2607 440 2672 iu
462 2604 711 2670 matrimonium
734 2602 801 2668 lilia
825 2627 900 2678 sun,
923 2603 1040 2690 iungit.

218 2726 235 2782 1
315 2708 485 2776 ·Cn1¹.rr.
530 2707 666 2776 Exinde
686 2720 831 2774 externo
854 2720 943 2772 metu
971 2705 1146 2794 deposito,
1170 2707 1295 2795 impium
1310 2718 1328 2770 rt

246 2815 477 2886 facinorosum
499 2809 645 2875 animum
668 2810 709 2874 ad
733 2795 916 2876 domestica
939 2812 1064 2896 scelera
1087 2812 1267 2892 convertit,
1291 2810 1327 2873 in-

141 2947 146 2956 ·
244 2919 416 3006 fidiasqus
444 2912 615 2980 Arsinoae
643 2912 753 2978 sorori
784 2937 863 2978 suae
890 2911 1041 2994 instruit,
1076 2913 1199 3002 quibus
1222 2929 1251 2984 et
1270 2912 1327 2976 filins

247 3024 319 3090 eius
340 3019 429 3098 vita,
451 3031 486 3082 et
506 3016 614 3101 ipsam
636 3015 864 3084 Cassandreae
885 3018 980 3088 urbis
1008 3017 1221 3103 possessione
1240 3016 1327 3106 priva·

119 3159 123 3164 ·
215 3140 309 3196 2ret.
352 3121 484 3190 Primus
512 3119 544 3184 ei
572 3118 671 3192 dolus
697 3117 777 3201 fuis,
805 3119 959 3188 simulato
982 3119 1259 3200 amore,sororis
1278 3141 1327 3183 ma-

243 3225 441 3294 trimonium
467 3227 600 3312 peteres
636 3223 734 3287 aliter
755 3221 841 3288 enim
866 3225 906 3288 ad
934 3224 1062 3290 sororis
1081 3221 1189 3308 lilios,
1218 3244 1342 3312 quorun

106 3339 108 3349 '
210 3401 213 3408 ,
243 3353 384 3418 regnum
411 3339 650 3414 occupaverat,
679 3349 779 3414 quam
808 3327 1009 3393 concordiae
1038 3328 1158 3393 l'raude
1182 3325 1325 3416 pervenire

214 3439 314 3506 'onon
339 3445 479 3521 poterat.
525 3429 592 3496 Sed
614 3442 694 3494 nota
709 3431 866 3496 scelerata
883 3429 1065 3496 Ptolemaei
1078 3433 1234 3498 voluntas
1247 3425 1324 3494 sorori

211 3548 329 3606 terat,
370 3535 488 3622 ltaque
514 3553 587 3600 ⁴nou
617 3532 768 3598 credenti
797 3535 948 3612 inundat,
984 3537 1081 3598 uelle
1105 3558 1143 3600 se
1173 3557 1247 3600 cum
1261 3531 1324 3619 filiis

245 3645 318 3708 eius
339 3643 442 3725 regni
463 3641 678 3700 consortium
701 3639 873 3722 iungere;
911 3659 990 3728 cuns
1019 3639 1144 3725 quidus
1172 3663 1242 3715 nen
1266 3634 1341 3699 ideo¹

245 3769 284 3812 ee
303 3746 411 3808 armis
433 3738 667 3822 contendisse,
685 3745 856 3826 quoniam
880 3743 1019 3838 eripere
1040 3741 1093 3808 lua
1108 3765 1262 3828 regnum,
1283 3732 1324 3802 sed

64 3850 65 3858 ’
127 3834 132 3848 “
213 3833 347 3938 squod
368 3841 555 3935 idsacerc
574 3846 936 3920 suimunerisvellet.
978 3845 1324 3912 Irrlrocrnicteretcr·

181 3994 187 4018 r
244 3955 376 4022 dicrum
395 3943 631 4032 iurisiurandi
635 3971 650 4021 ;
675 3969 746 4034 quo
767 3965 958 4037 praesente
976 3947 1077 4037 opud
1090 3949 1190 4020 Deos
1199 3947 1340 4036 patrios„

592 4125 664 4195 ΏΙῩ.
686 4125 776 4166 uscr.
798 4121 921 4167 (lllssvs

199 4288 201 4301 ¹
264 4235 412 4344 ·C»sr.'r.
446 4281 528 4362 §4-
577 4220 862 4342 Clamas*
