2906 4862
161 214 292 322 3232
431 265 460 278 ··
574 235 971 314 ·su-s·r·1'ut

189 413 204 462 ἰ
223 393 284 480 sit,
299 399 489 488 tegernsee
510 401 560 468 ud
579 400 897 489 inspiciendarum
917 401 1109 468 sociomm.
1126 413 1163 464 et
1175 395 1229 462 ad
1241 398 1342 462 iniu-

191 505 317 586 5rierp
336 501 550 570 demendum
573 511 611 570 iu
635 507 829 570 Graeciam
851 507 1030 568 musuros:
1057 501 1117 568 sed
1136 501 1257 590 legatis
1278 521 1344 569 oo-

188 693 192 704 ‚
223 607 312 674 culta
342 607 498 674 mandata
520 609 598 674 data
627 623 718 686 sunt,
748 625 789 672 uc
811 629 938 696 cerpus
958 600 1193 680 Achaeorum
1210 604 1348 668 dissol-

224 727 373 780 verent,
409 713 640 800 singulasque
662 713 764 776 urbes
784 714 926 800 proprii
946 711 1033 774 iuris
1043 707 1241 798 facerent,
1272 715 1373 794 quo'

213 808 373 902 facilius
402 813 454 881 ad
483 816 654 903 obsequia
682 831 918 904 cogerenturr
963 829 1012 882 et,
1046 815 1077 878 si
1112 832 1208 900 quoe
1240 811 1348 896 urbes

84 937 93 1008 '¹
195 920 456 983 ficoucumaces
473 937 598 989 essent,
610 917 892 1011 frangerentur.
936 913 1045 1003 igitur
1065 911 1349 1002 legati,on1nium

225 1017 412 1086 civitatium
434 1019 643 1110 principibus
666 1022 864 1090 Corinthum
886 1014 1055 1104 evocatis,
1094 1019 1266 1082 decretum
1288 1037 1350 1078 se·-
1445 1079 1446 1094 ,

196 1129 215 1184 7
227 1134 323 1194 natus
345 1125 503 1190 recitant:
533 1124 614 1212 quid
636 1125 768 1190 consilii
791 1122 1140 1208 babeantaperiunt:
1176 1111 1351 1206 expedire
1445 1103 1446 1112 ἵ

154 1217 163 1250 “’
228 1228 388 1292 omuibus
409 1227 543 1320 dicunt,
575 1246 615 1292 uc
646 1232 811 1316 singulae
833 1233 998 1316 ciuitates
1019 1251 1085 1294 suo
1107 1231 1189 1291 iura
1213 1241 1352 1288 essuos

195 1329 323 1416 elegea
350 1330 522 1396 babeant.
573 1333 674 1416 Quod
712 1333 769 1398 ubi
806 1317 962 1400 omnibus
992 1329 1155 1410 innotuit,
1187 1329 1281 1394 velut
1313 1325 1352 1390 in

125 1435 130 1444 '
191 1433 195 1440 '
227 1429 378 1500 furorem
400 1435 504 1515 versi,
521 1435 718 1526 uniuersum
744 1436 1143 1524 peregrinumsspopulum
1165 1431 1354 1497 trucidant:

196 1536 357 1626 9legatos
377 1559 510 1626 quoque
530 1538 623 1627 ipsos
653 1540 881 1606 Romanorum
905 1539 1104 1622 violassent,
1125 1534 1210 1614 nisi,
1233 1533 1353 1602 audito

110 1651 113 1658 '
228 1642 383 1724 tumultu,
405 1641 531 1728 trepidi
549 1641 751 1732 fugissent..

200 1853 218 1916 t
318 1846 412 1914 cli.
434 1873 473 1918 rr.
517 1845 609 1917 llaec
630 1851 689 1918 ubi
711 1852 841 1918 Romae
870 1853 1024 1918 nuntiata
1043 1861 1133 1928 suut,
1156 1843 1270 1912 statim
1291 1867 1355 1911 se-
1446 1831 1447 1882 Ὗ

146 2013 153 2022 ,
229 1964 327 2018 natus
358 1951 524 2020 Mummio
559 1955 688 2020 consuli
711 1957 836 2022 bellum
864 1957 1053 2022 Achaicum
1087 1947 1255 2032 decernit:
1294 1948 1356 2037 qui

94 2085 97 2092 ¹
220 2057 406 2148 ..extemplo
435 2057 587 2126 exercitu
617 2059 814 2145 deportato,
852 2071 885 2124 et
915 2052 1070 2124 omnibus
1100 2069 1235 2121 strenue
1268 2073 1357 2150 pw‘.

198 2157 334 2238 2visis‚
355 2161 527 2246 pugnandi
549 2160 679 2249 copiam
701 2163 855 2228 hostibus
875 2160 966 2246 fecit.
1011 2159 1078 2228 Sed
1097 2157 1238 2235 Achaei,
1261 2158 1359 2222 velut

230 2260 316 2329 nihil
352 2262 479 2351 negotii
508 2264 666 2330 ltomeno'
692 2269 781 2334 bello
813 2265 1053 2352 suscepissent,
1095 2261 1146 2327 ita
1177 2260 1268 2346 apud
1296 2281 1357 2325 eos

202 2366 386 2449 dneglecta
414 2365 525 2432 omnia
556 2381 589 2431 et
622 2370 730 2433 soluta
758 2370 865 2450 i'nere.
915 2365 1033 2454 ltaque
1067 2364 1244 2453 praedam,
1288 2385 1357 2448 non

214 2455 398 2554 'praelium
428 2469 629 2556 cogitantes,
674 2486 707 2537 et
740 2473 898 2538 vehicula
927 2471 969 2534 ad
992 2467 1271 2557 spolia-hostium
1295 2490 1358 2532 re·
1447 2499 1448 2530 ;

224 2571 401 2657 ponenda
423 2571 610 2652 duxerunt,
636 2587 668 2638 et
691 2575 852 2664 coniuges
875 2573 1070 2662 liberosque
1092 2593 1181 2646 suos,
1204 2571 1249 2638 ad
1274 2593 1359 2658 spe-
1447 2609 1448 2652 3

204 2677 403 2770 lctaculum
424 2675 632 2756 certaminis,
655 2677 689 2741 in
711 2677 880 2744 montibus
902 2689 1098 2764 posuerunt.
1126 2675 1209 2741 ·Sed
1232 2672 1359 2759 praelio
1447 2665 1448 2728 3

149 2825 154 2836 .
237 2779 434 2859 commisso,
458 2795 534 2846 ante
555 2782 670 2848 oeulos
693 2803 831 2846 suorum
852 2780 958 2859 caesi,
984 2780 1126 2866 lugubre
1146 2777 1200 2870 bis
1222 2792 1360 2864 specta-

202 2885 357 2963 bculnm,
374 2896 406 2946 et
421 2906 559 2970 gravem
581 2886 688 2950 luctus
708 2884 907 2976 memoriam
925 2881 1144 2980 reliquerunt.
1189 2879 1360 2967 Coniuges

237 3008 371 3075 quoque
399 2986 565 3074 liberique
595 3009 729 3069 eorum,
770 2989 812 3055 de
834 2987 1081 3076 spectatoribus
1111 2983 1237 3074 captivi
1266 2981 1360 3064 facti,

206 3091 364 3179 §praeda
384 3090 530 3182 bostium
550 3091 654 3157 fuere.
698 3091 789 3160 Urbs
811 3092 885 3181 ipsa
901 3088 1083 3158 Corinthus
1104 3085 1269 3154 diruitur:
1292 3107 1362 3174 po-

160 3194 164 3202 “
236 3193 468 3282 ¹puldsomois
489 3197 552 3264 sub
571 3217 699 3282 corona
718 3195 877 3262 venditur
886 3221 896 3262 s
917 3207 953 3260 ut
973 3194 1038 3258 hoc
1061 3193 1220 3280 exemplo
1237 3189 1361 3258 ceteris

212 3296 440 3367 tcivitatibus
455 3315 562 3366 metus
579 3321 747 3366 novarum
759 3322 871 3364 rerum
886 3299 1127 3384 imponeretur.
1168 3295 1261 3362 Dum
1280 3295 1361 3360 baec

242 3417 397 3492 aguntur,
411 3425 477 3468 rex
498 3403 619 3492 Syriae
635 3401 825 3468 Antiochus
845 3401 1050 3480 Ptolemaeo,
1072 3399 1211 3464 maioris
1234 3395 1361 3465 suroris

139 3517 141 3527 ¹
240 3529 327 3575 suae
346 3505 429 3590 filio,
448 3506 523 3592 regi
537 3506 702 3597 Aegypti,
723 3506 847 3570 bellum
868 3503 982 3580 insert,
1002 3502 1095 3588 segni
1117 3501 1310 3582 admodum,
1330 3515 1362 3566 et

242 3609 439 3698 quotidiana
462 3609 598 3694 luxuria
618 3608 666 3676 ita
689 3607 861 3688 marcenti,
883 3622 919 3674 ut
938 3628 1008 3672 non
1028 3607 1137 3672 solum
1153 3605 1271 3694 regiae
1287 3628 1363 3670 ma·-

242 3711 373 3784 iestatis
396 3710 505 3802 officia
525 3711 783 3797 intermitteret,
817 3733 937 3779 terum
966 3709 1067 3776 etiam
1098 3729 1198 3774 sensu
1217 3706 1362 3774 hominis

149 3871 152 3878 ,
217 3815 352 3886 animia
382 3814 498 3904 sagina
525 3829 667 3887 careret.
716 3816 836 3888 Pulsus
857 3814 961 3901 igitur
988 3832 1118 3900 regno,
1147 3811 1190 3876 ad
1223 3810 1364 3878 fratrem

214 3963 216 3968 -
243 3919 412 3986 minorem
431 3919 660 3988 Ptolemaeum
681 3915 927 3986 Alexandriam
950 3913 1119 4003 confugit:
1138 3913 1365 4002 participato-

185 4093 187 4099 ,
243 4045 310 4112 que
332 4045 409 4088 cum
431 4044 618 4112 eorego0,
652 4010 950 4110 legatol·Romam
973 4019 1016 4084 ad
1037 4031 1188 4084 senatum
1208 4015 1364 4099 mittunt3

245 4125 381 4215 auxilia,
396 4139 532 4214 petunt;
551 4126 654 4197 fidem
669 4121 844 4212 *societatis
864 4122 1058 4214 implorant.
1102 4119 1242 4200 Movere
1262 4143 1364 4186 sena·

224 4241 316 4298 ,tum
339 4251 457 4318 preces
477 4229 642 4302 fratruma
782 4223 784 4228 ¹
