2796 4866
192 339 249 392 nu
269 335 417 390 aanor
439 339 572 394 roua.
597 337 758 400 nourr,
778 339 833 392 an
851 339 976 400 auor.
1018 409 1021 416 ,
1089 319 1189 396 x'nrx

33 527 115 573 onnes
201 503 260 570 vel
279 501 405 570 leviter'
421 500 586 569 Iustinum
604 499 834 589 inspexerint3
853 499 998 572 testatur
1011 513 1189 596 praeterea

33 527 285 662 diserte‘iiistinus
314 587 351 656 iu
377 586 589 678 praefatione
610 586 803 678 compendii
827 589 900 674 eni,
937 613 1013 658 cum
1034 592 1191 686 Trogum

32 690 143 742 nostrum
162 697 198 740 ea
220 695 308 762 quae
328 673 482 741 historici
501 671 728 756 Graecorum,
756 687 859 762 prout
879 676 1092 746 commodum
1112 683 1191 752 cui-

61 761 146 843 efuit,
165 758 252 826 inter
270 781 344 833 aeae
362 759 529 848 gregatim
550 762 948 849 occupaverant,¹eolum,
970 763 1058 830 serie
1075 787 1190 837 rerum

30 784 137 935 digesta,
156 845 383 936 composuisse
402 844 517 912 tradit.
558 839 655 928 Quae
676 843 820 912 comita
840 845 924 928 sint,
947 869 1104 936 magnam
1123 851 1192 922 uti.
1238 882 1245 896 ι

31 955 75 1018 que
90 928 362 1018 exspectationem
384 929 428 995 de
449 929 510 995 tali
529 929 697 1017 scriptore
711 929 793 999 iure
813 930 947 1020 concipi
960 953 1071 1022 posse,
1090 959 1192 1008 nemo

30 1041 76 1086 uon
90 1013 187 1097 ridet3
219 1015 275 1082 cni
295 1013 466 1105 quomodo
486 1037 543 1082 res
568 1014 704 1082 onderit
722 1012 845 1083 clarium
865 1015 941 1100 fiet,
961 1017 991 1084 ei
1013 1020 1057 1087 de
1077 1025 1192 1114 operis

29 1104 87 1253 pius·
100 1099 249 1185 consilio,
285 1100 512 1182 ambituato
556 1099 613 1173 ine
633 1099 805 1194 copiosius
825 1123 847 1171 a
865 1101 966 1171 nobie
986 1101 1193 1197 disputatum

38 1203 108 1262 uerat·
1178 1215 1183 1228 ¹
1253 1207 1255 1216 ’

546 1433 573 1522 p
596 1425 627 1500 a.

85 1535 268 1626 Reiiqne'rat
294 1513 381 1604 vero
403 1533 541 1637 Trogus
568 1535 751 1626 Pompeius
777 1533 937 1606 historiae
958 1511 1077 1608 XLIV
1094 1537 1194 1620 librie
1260 1609 1263 1634 ,

27 1621 152 1710 digestae;
178 1645 320 1711 quarum
343 1637 531 1688 accuratior
550 1621 689 1704 notitia,
711 1645 787 1688 cum
807 1621 902 1710 ipsae
923 1637 1114 1720 tempprum
1133 1627 1195 1696 in..

26 1707 84 1772 iuria
99 1709 296 1788 interierint,
319 1731 365 1773 ex
386 1707 514 1797 tripiici
535 1709 645 1774 adhuc
665 1707 761 1773 fonte
781 1708 854 1796 peti
872 1721 993 1798 potest.
1038 1713 1195 1780 Primum

25 1815 54 1856 ex
70 1793 193 1860 aliorum
215 1795 420 1880 scriptorum
441 1792 661 1874 testimoniis,
707 1792 767 1892 qni
789 1792 900 1883 Trogi
920 1796 1120 1864 auctoritate
1140 1801 1196 1869 usi

25 1877 138 1961 fuerunt,
169 1879 303 1966 saepius
326 1877 414 1943 euim
436 1901 510 1944 eum
531 1879 704 1944 laudatum
724 1879 876 1946 invenies
897 1893 1007 1946 tuma
1034 1883 1079 1948 ud
1104 1885 1196 1968 scri·

24 1979 106 2052 ptores
125 1977 158 2029 ut
177 1957 305 2031 uocant
325 1963 506 2052 profanos,
535 1977 574 2030 ut
597 1963 692 2051 apud
710 1962 858 2030 Plinium
873 1963 909 2052 ⁴³)
932 1978 966 2032 et
988 1903 1091 2046 afloac
1122 1982 1195 2039 tum

24 2050 84 2135 apud
100 2063 204 2136 petrae
228 2063 264 2114 et
285 2063 439 2116 auctores
461 2047 692 2128 Christianos,
713 2049 943 2116 Aucustinum
963 2050 1038 2138 i¹⁹¹),
1064 2049 1197 2124 Hiero-
1250 2077 1256 2082 “

24 2136 237 2224 mmmm),
271 2133 443 2201 Orosium.
494 2133 624 2201 Verum
645 2157 733 2222 quae
751 2099 807 2200 itii
829 2157 875 2200 ax
896 2155 938 2200 eo
961 2153 1142 2208 servarunt
1160 2133 1197 2210 οὶ
1280 2153 1290 2162 ”

24 2243 96 2322 pauca
114 2235 203 2303 sunt,
226 2233 261 2286 et
281 2219 368 2287 levis
388 2222 586 2309 plerumque
607 2220 787 2302 momenti3
810 2217 854 2286 ad
875 2241 960 2309 opus
981 2243 1068 2290 vero
1087 2237 1196 2294 totum

24 2306 199 2372 iudicandum
224 2327 346 2394 parum
369 2303 532 2392 praesidii
553 2305 738 2372 continent.
781 2303 1055 2394 Confugiendum
1077 2308 1196 2402 itaque

24 2391 123 2457 rasead
144 2395 301 2457 alterum
320 2389 464 2472 fontem,
491 2390 673 2469 Iustinum,
702 2388 761 2478 qui
781 2389 925 2458 totidem
947 2392 1045 2460 libris
1066 2417 1195 2466 excer-

23 2490 60 2564 pta
80 2500 118 2541 ex
141 2479 264 2565 Trogo·
289 2477 388 2542 nobis
414 2474 568 2564 reliquit,
603 2474 705 2542 facile
731 2497 849 2541 omnes
878 2475 1007 2543 vide'nt.
1059 2481 1195 2554 ,Verum

24 2563 49 2626 ad
64 2563 280 2629 exhibendum
300 2561 451 2627 universi
472 2559 586 2650 operis
608 2574 842 2649 conspectum,
863 2583 927 2628 nec
947 2562 1060 2652 ipsum
1083 2563 1195 2637 Insti-

23 2669 76 2712 uun
91 2649 253 2728 sufficere,
281 2670 327 2712 ex
348 2646 490 2714 coneilio
512 2643 605 2745 qnod
626 2647 685 2711 ille
702 2657 841 2711 secutus
861 2659 929 2730 est,
962 2661 1074 2798 patet.
1114 2649 1194 2742 ipae

23 2733 96 2813 euin,
131 2757 197 2802 nou
228 2755 330 2800 omne
356 2755 393 2798 se
423 2730 536 2821 Trogr
564 2752 649 2818 opus
671 2729 709 2794 in
729 2728 901 2817 epitomen
920 2750 960 2798 re
984 2732 1097 2822 igere,
1130 2735 1194 2809 aed

22 2817 185 2908 florilegium
212 2833 344 2884 tantum
373 2839 421 2884 cx
449 2837 491 2883 eo
527 2837 732 2904 componere
761 2815 931 2894 voluisse,
966 2821 1195 2910 excerpendit
1266 2846 1272 2858 ·

22 2904 53 2968 eis
69 2929 140 2994 quae
166 2903 308 2995 cognitu
334 2901 532 2992 dignissima
559 2909 688 2984 essent,
724 2899 859 2966 omissis
888 2893 981 2986 aiiia,
1018 2927 1104 2992 quae
1130 2921 1195 2976 neo

21 2991 129 3056 iucunda
150 3015 213 3058 uec
237 2989 427 3055 necessaria
447 2988 664 3066 videremur,
705 2985 744 3052 in
762 2985 975 3075 praefatione
996 2990 1195 3078 profitetnrg

20 3073 128 3164 ideoque
147 3073 228 3158 n'os,
250 3075 288 3140 id
310 3075 403 3162 quod
424 3095 486 3162 per
508 3095 544 3138 ae
566 3074 693 3138 clarum
715 3083 783 3156 est,
805 3070 842 3138 in
858 3073 1062 3160 explicando
1077 3097 1194 3146 rerunt

21 3161 115 3227 ordine
134 3185 234 3252 quem
266 3159 403 3248 Trogus
431 3157 632 3240 instituerit,
675 3157 740 3223 ets'i
766 3157 874 3225 multa
893 3159 982 3226 veli
1008 3157 1054 3228 sie
1074 3163 1194 3232 verbis

22 3249 131 3314 auctoris
158 3271 205 3314 ex
234 3267 277 3312 eo
303 3243 571 3331 transscripserit
591 3241 758 3325 Iustinus,
796 3241 826 3309 ai
853 3265 929 3310 eum
950 3183 1060 3312 scium
1079 3248 1193 3316 habe-

20 3351 114 3418 remus,
147 3353 216 3400 nou
240 3330 342 3396 modo
388 3329 488 3395 assim
509 3327 629 3394 dubios
650 3329 791 3396 haerere
818 3349 956 3396 necesse
982 3330 1092 3414 foret,
1130 3331 1194 3404 sed

20 3419 88 3502 plane
113 3417 290 3484 caecutire.
320 3469 325 3472 .
376 3437 470 3481 erum
492 3414 641 3484 secunda
658 3415 803 3502 quadam
823 3413 958 3492 fortuna
978 3430 1072 3506 patet
1092 3419 1192 3498 nobie

20 3502 96 3570 adhuc
114 3504 223 3569 aditus
245 3502 287 3567 ad
311 3503 423 3566 olium
442 3500 588 3580 fontem3
609 3513 743 3566 servata
764 3499 855 3567 enim
876 3501 974 3569 nobis
996 3515 1192 3594 auntpraess-

21 3597 53 3650 ter
74 3590 186 3656 lustini
217 3611 322 3654 excer
347 3602 398 3668 ta,
441 3587 613 3674 librorum
642 3584 754 3673 Trogi
778 3585 932 3676 Pompeii
962 3607 1191 3677 argumenta,

22 3677 100 3760 qualia
133 3677 175 3740 de
207 3611 393 3762 deperditi·
423 3669 467 3737 T.
495 3669 588 3738 Livii
617 3679 753 3760 quoque*
783 3670 880 3737 libris
908 3686 1044 3744 exstare
1074 3681 1192 3744 omnes

20 3775 120 3829 norunt.
161 3759 394 3826 Receneentur
419 3756 456 3822 iu
477 3757 529 3822 hie'
559 3757 691 3844 singula
712 3755 921 3846 singulorum
942 3758 1109 3827 librorum
1129 3783 1192 3828 ca-

20 3843 75 3930 pite,
92 3847 211 3914 eodem
232 3845 350 3948 ordine
372 3864 439 3932 quo
460 3842 550 3934 apud
564 3841 720 3930 Trogum
739 3865 814 3918 aeae
835 3843 1069 3936 excipiebant3
1088 3843 1139 3914 ita
1153 3857 1193 3915 ut

20 4013 196 4037 b*tntu-vunn-

45 4089 165 4213 spPlin.
189 4127 309 4194 Hister.
330 4127 404 4194 Nat.
423 4127 465 4198 11,
481 4150 555 4213 pag.
571 4093 652 4193 Ι427.
674 4143 728 4217 sq.
792 4201 794 4206 Ι
858 4086 859 4092 ¹
924 4077 927 4086 Δ
980 4086 982 4095 ¹

46 4229 91 4314 η)
108 4237 269 4318 Augu-etin·
300 4233 609 4320 Op.V11.pug.72.

20 4421 21 4424 Ν
43 4327 302 4430 “tiniacum
322 4343 356 4402 a·
372 4337 507 4428 possae.
528 4336 577 4414 aa,
590 4329 737 4400 aaut.
763 4369 771 4387 ·.
820 4377 825 4386 .

947 4415 982 4486 D
