2796 4866
191 351 262 380 ⁰¹
353 339 818 414 ‘noscsasso
1054 351 1165 404 xxm

48 519 118 580 1526
160 497 343 583 Sinhordi.
373 531 402 588 8.
429 500 560 584 Instini
578 518 753 586 Historioi
774 513 960 584 clarissimi
981 481 1020 582 in
1046 501 1155 605 Trogi

158 601 313 688 Pompei
348 601 516 686 historias
539 606 623 688 iibri
652 603 901 693 qnadraginta
923 619 1103 689 quatuor,
1128 624 1154 665 a

156 684 248 751 Ioan.
272 687 437 754 Siohardo
458 701 595 754 stimmo
618 690 812 778 diligentia
835 689 1014 774 recogniti
1043 703 1079 752 et
1099 689 1154 751 il-‘

157 773 312 836 lustrati.
359 771 493 862 Qnibiss
529 775 725 840 adiecimus
754 789 853 838 certo
888 774 1037 838 consilio
1070 774 1154 838 Sex.

156 854 350 920 Aureliam
383 859 584 930 Victorem,
608 863 678 948 oni
707 861 904 924 Caesarum
933 860 1030 922 vitos
1058 881 1081 922 o
1103 857 1153 922 D.

156 937 323 1026 Augusto
345 943 409 1010 iod
436 944 675 1010 Theodosium
702 963 827 1031 usqnes
850 942 1003 1006 historia
1025 964 1155 1030 prose·-

157 1041 259 1090 entns
282 1043 341 1092 est.
388 1029 621 1094 Comindioe.
664 1031 834 1094 Basileus
849 1026 949 1114 apud
963 1026 1155 1092 Andrecm

158 1109 405 1176 Cratandrnm
434 1113 508 1196 An.
533 1115 585 1180 M.
608 1115 656 1180 D.
678 1113 813 1177 XXVI.
856 1110 896 1176 ln
924 1111 1009 1178 fine:
1045 1113 1155 1176 Basi-

156 1195 240 1258 leae
258 1217 326 1281 per
345 1197 537 1264 Andream
559 1197 819 1268 Cratendrnm,
835 1197 961 1262 Mense
973 1198 1152 1283 Ianuario

154 1277 266 1344 Anno
296 1283 348 1346 M.
381 1285 431 1348 D.
452 1285 590 1350 XXVI.
620 1321 663 1339 -
691 1285 824 1350 Panzer
845 1281 959 1350 Tom.
986 1285 1042 1348 vt.
1071 1283 1152 1372 pag.

154 1370 230 1427 255.
253 1363 361 1433 Ebert
381 1391 458 1456 pag.
483 1374 555 1460 914.
577 1394 609 1436 n.
633 1375 749 1435 11134.
857 1391 861 1406 ’

47 1467 286 1555 ——Georg.
317 1469 473 1536 Maioris
503 1471 527 1536 1.’
553 1477 582 1536 t.
611 1472 742 1538 luscini
764 1494 810 1536 esc
838 1471 955 1560 Trogo
977 1472 1156 1559 Pompeio

154 1551 322 1624 historia,
348 1554 418 1620 dili
444 1561 619 1624 entissime
640 1561 829 1644 recognita
855 1573 890 1620 et
912 1557 957 1620 oh
981 1559 1155 1628 omnibnss

154 1637 282 1723 onibus
313 1579 479 1706 scatehot
509 1642 665 1714 mendis,
711 1643 856 1706 collatis
880 1641 931 1706 ad
961 1642 1156 1706 authorem
1192 1691 1200 1710 .

157 1723 307 1790 Graecis
326 1725 509 1792 etLotinis
529 1727 708 1792 historicis
721 1747 829 1815 repar
855 1743 929 1791 ota.
954 1728 1024 1792 Coi
1040 1749 1156 1814 proe-

152 1824 255 1874 tereo
289 1833 364 1880 non
391 1813 522 1899 porum
548 1815 649 1882 ineis,
696 1835 741 1876 ea:
771 1815 815 1875 iis
843 1833 897 1876 em
926 1815 1152 1898 transcriptis

151 1899 350 1965 sententiis,
376 1914 412 1960 et
433 1896 597 1976 indicato
621 1897 799 1962 historiae
820 1895 961 1966 ordine,
987 1895 1161 1961 adcessit..

144 1977 315 2046 *Adtento
346 1999 396 2046 est
416 1979 718 2048 Monarohiornm
741 2003 888 2070 qnoque
916 1984 1026 2046 ratio.
1069 1981 1156 2044 Ha-

177 2085 299 2129 onoae
328 2065 429 2155 opud
448 2068 527 2132 Ioh.
558 2070 674 2134 Seoer.
702 2066 809 2132 Anno
846 2065 897 2131 M.
936 2065 984 2132 D.
1018 2065 1154 2148 XXVI,
1222 2071 1237 2094 ⁸

149 2085 329 2218 Xraecedit
365 2153 508 2240 epistola
541 2151 786 2244 nuncupatoria
823 2151 976 2239 Philippi
1003 2151 1151 2218 Melan·

150 2233 308 2302 ohthonis
336 2236 379 2302 ad
405 2237 688 2325 Christophorum
715 2237 955 2325 Stalbergium.
999 2235 1039 2301 In
1063 2237 1154 2302 fine:

149 2318 360 2408 Hnganone
380 2345 402 2386 a
430 2323 480 2386 nd
501 2323 580 2388 Ioh.
604 2325 719 2390 Sacer.
735 2321 847 2394 Anno
872 2321 924 2387 M.
945 2321 994 2387 D.
1016 2321 1156 2388 XXVI.

149 2439 193 2454 -
212 2407 345 2476 Panzsr
409 2429 473 2474 om.
496 2411 562 2474 th.
581 2431 658 2498 pag.
682 2415 732 2475 95.
756 2407 910 2474 Textum
936 2431 982 2474 ex
1003 2405 1079 2474 aliis
1103 2406 1154 2486 ii-

149 2488 221 2554 bris
243 2493 365 2573 editis',
392 2494 542 2559 maxime
568 2519 615 2560 ex
634 2493 766 2560 Aldina¹
791 2515 816 2558 s.
838 2491 977 2558 Iuntina
999 2515 1069 2558 non
1090 2514 1154 2558 so-

148 2574 218 2639 lum
241 2575 414 2658 formavit,
429 2579 489 2644 sed
511 2580 615 2646 etiam
637 2579 764 2646 Codice
786 2601 863 2644 usus
885 2591 946 2643 est.
989 2578 1150 2644 Vorstius

149 2660 183 2724 ei
212 2664 354 2728 multum
390 2664 521 2732 tribuit.
565 2663 836 2751 Cilibertpag.
867 2667 940 2727 914.
978 2660 1185 2748 1111133.-
1244 2679 1248 2686 ’

13 2749 16 2762 '
44 2759 109 2822 1530
132 2761 320 2832 'Parisino
332 2769 424 2830 Ι11111.
447 2774 477 2830 8.
498 2766 618 2832 Iristioi
631 2765 805 2832 Historiae
826 2779 860 2832 et
881 2765 1005 2832 Sextus
1025 2765 1148 2831 Aure-

148 2847 214 2914 lius
249 2849 381 2920 Victor.
408 2853 560 2934 Parisiis
590 2852 691 2942 apud
710 2845 891 2918 Simonem
919 2851 1145 2938 Colinaeztm.

147 2972 191 2984 -
213 2935 344 3006 Panzer
367 2937 472 3006 Tom.
499 2941 577 3004 vltt.
596 2961 672 3028 pag.
697 2947 768 3004 135.

44 3037 336 3106 ...Sichardi
368 3053 399 3110 8.
422 3039 589 3123 Iustinus,
611 3065 687 3108 cum
707 3041 803 3108 Sext.
826 3037 972 3106 Aurelio
993 3035 1147 3106 Victore.

146 3124 326 3208 Basileus,
342 3127 444 3216 apud
453 3127 645 3193 Andreom
657 3125 891 3205 Cratandrina
904 3125 957 3191 M.
967 3123 1017 3194 D.
1032 3109 1146 3192 XXX.

13 3269 15 3278 ,
146 3209 308 3278 -Ebert
330 3221 405 3302 pag.
427 3221 556 3284 91411.
579 3221 695 3280 11134.

43 3307 106 3364 1533
145 3295 302 3364 Maioris
322 3301 361 3364 11.
382 3305 413 3363 4.
436 3299 566 3364 Instini
589 3322 634 3363 oso
650 3299 765 3386 Trogo
788 3298 965 3386 Pompeio
990 3296 1144 3363 historin

138 3393 210 3448 etc.
231 3381 437 3472 Hagenooe
458 3385 559 3464 apud
584 3383 663 3448 Ioh.
683 3385 800 3452 Socer.
824 3423 868 3436 -·-
889 3384 1022 3451 Panzer
1043 3381 1145 3450 Tom.

145 3464 211 3531 Vll.
232 3493 311 3556 pag.
336 3480 406 3536 112.
427 3465 534 3536 Ebert
557 3492 635 3558 pag.
657 3476 733 3534 914.
755 3493 788 3536 11.
813 3479 929 3539 11133.

45 3551 276 3650 -Εειάςω
297 3577 414 3621 recusa
439 3557 625 3620 Coloniae.
651 3562 681 3620 8.

44 3645 107 3702 1537
150 3641 339 3704 Coloniae.
373 3652 403 3706 8.
435 3639 556 3708 Iustini
577 3665 624 3706 ex
645 3640 765 3730 Trogo
787 3640 951 3729 Pompeio
980 3639 1145 3708 Historia.

145 3723 416 3820 Diligentissima
449 3727 641 3812 recognita,
683 3739 716 3790 et
749 3729 791 3792 ab
820 3727 1000 3808 omnibus,
1022 3727 1146 3825 quibus

145 3812 297 3875 scatebat
322 3811 471 3891 mendis,
500 3811 633 3878 collatis
672 3811 716 3876 ad
744 3825 897 3879 autorem
927 3811 1068 3878 Graecis
1109 3826 1147 3878 et

144 3892 276 3960 Latinis
310 3896 499 3975 historicis,
536 3910 728 3984 repurgata.
772 3897 835 3964 Cui
870 3911 1048 3985 praeterea
1075 3918 1146 3964 non

145 4001 263 4078 parum
286 3981 387 4064 lucis,
418 4005 463 4047 ex
483 3981 606 4048 iisdem
627 3981 842 4072 transcriptis
873 3983 1066 4063 sententiis,
1110 3995 1146 4048 ot

145 4065 295 4132 indicato
310 4067 474 4133 historiae
492 4068 625 4150 ordine,
649 4068 802 4134 adcessit.
834 4071 1026 4140 Coloniae,
1044 4067 1146 4156 opud

147 4149 199 4215 Io.
228 4154 450 4240 Gymnionm.
473 4193 516 4203 -
538 4153 627 4220 Bibt.
650 4157 839 4242 Argentor.

45 4254 268 4321 *Iustini
289 4279 335 4322 ex
354 4255 474 4344 Trogo
490 4257 654 4345 Pompeio
675 4258 817 4324 historia
838 4259 907 4324 iam
927 4259 1040 4324 denno
1062 4258 1148 4323 dili-
1175 4251 1179 4256 ’
1271 4339 1273 4354 .

139 4356 266 4442 'genter
292 4343 490 4434 recognita,
523 4344 679 4434 plurimis
707 4358 807 4412 aucta
826 4344 963 4412 scholiis
993 4361 1057 4411 etc.
1081 4344 1147 4412 Per
1178 4403 1181 4413 ,
