2740 4854
990 113 1003 144 ῑ
1087 143 1094 152 .

140 344 143 358 s
216 309 273 358 DE
296 305 1009 378 ’rnoctcommiserescendum.
1100 311 1267 362 lell'

20 490 90 556 gum
113 466 264 537 dederat.
306 467 482 552 Ceterum,
508 492 610 560 quem
629 471 829 561 scriptorem
849 472 887 538 in
908 471 1124 562 exponsndist
1143 471 1224 538 hla-

20 553 166 620 cedonici
188 553 285 645 regni
305 553 412 620 initiis
433 570 564 622 secutus
587 555 641 638 sit,
669 557 808 624 dubium
829 581 968 648 prorsus
990 555 1230 648 esseneqnitq

25 639 282 727 Theopompum
304 639 394 706 euius
416 657 447 706 et
463 642 498 706 in
517 642 572 708 his
594 666 671 708 eum
694 658 726 708 et
747 645 782 720 in
798 645 1017 734 sequentibus
1034 659 1114 708 ante
1135 665 1223 708 ocn-
1258 684 1261 692 .

20 729 61 790 los
82 725 265 807 hahuisse,
295 742 425 792 certum
452 741 514 794 est.
556 727 630 798 Etsi
653 729 741 796 enim
762 729 1006 818 Theopompus
1030 729 1223 818 Philippica

21 833 70 874 sua
89 835 110 876 a
137 810 284 900 Philippi
306 813 442 878 demum
463 814 672 902 temporibus
692 814 877 904 inciperet,
905 825 1017 881 tamen
1039 835 1136 880 more
1158 837 1234 882 suo,
1314 883 1318 890 ,

20 895 159 980 origines
183 896 279 984 regni
303 895 458 983 episodio
482 914 703 986 exposuerat,
727 899 817 986 quod
834 925 879 968 ex
892 901 969 968 loco
985 899 1157 966 Athenaei
1173 901 1233 990 ¹³),

20 983 68 1046 ubi
95 983 141 1046 de
167 979 350 1048 Perdiccae
370 981 414 1048 ll.
438 997 472 1048 et
494 986 656 1053 Archelai
675 1009 796 1073 regum
819 999 928 1053 aetate
950 983 1140 1078 disputasse
1162 987 1221 1052 di-

20 1067 112 1150 citnr,
150 1065 326 1146 discimus;
364 1083 538 1158 praeterea
559 1093 644 1148 vero
666 1095 741 1138 enm
763 1070 884 1138 seriem
907 1095 1064 1162 regumn
1086 1069 1220 1140 Carano

20 1151 196 1240 incepisse,
230 1152 389 1225 novimus
412 1179 457 1220 ex
478 1154 669 1240 fragmento
689 1156 931 1244 Diodori‘”),
970 1153 1066 1222 cuius
1088 1179 1225 1246 ganea--v

19 1239 136 1322 logiam
189 1261 315 1327 noque,
356 1238 399 1306 ab
423 1239 567 1306 Hercule
590 1241 785 1325 deductam,
824 1241 874 1308 ibi
897 1243 940 1308 ab
964 1263 1004 1310 eo
1028 1244 1221 1330 expositam

20 1323 123 1389 hahes.
162 1262 360 1391 liissensum
382 1340 493 1406 autem
511 1325 600 1394 inter
619 1329 803 1421 scriptores
825 1329 881 1394 hic
902 1327 1118 1396 intercedere
1132 1327 1219 1410 sss),

19 1431 107 1474 nemo
131 1407 334 1492 mirabitur,
366 1407 425 1499 qui
448 1435 546 1500 quam
566 1413 694 1480 incerta
718 1414 831 1480 omnia
851 1415 886 1478 in
909 1413 1111 1502 antiquitate
1134 1414 1220 1480 adeo

19 1509 138 1561 remota
161 1517 234 1560 esse
259 1497 425 1574 debeant,
448 1511 480 1562 et
503 1497 804 1586 qnantum'regum
828 1498 975 1566 maxime
1000 1495 1221 1564 Macedonum

20 1603 79 1659 res,
102 1603 179 1646 cnm
203 1603 249 1646 ex
272 1579 527 1648 Heraclidarum
550 1607 675 1670 genere
700 1600 829 1668 essent,
852 1589 1028 1674 poiitarum
1049 1583 1220 1674 figmentis

21 1679 197 1733 exornatae
218 1665 365 1751 suerint,
394 1667 594 1734 meminerit.

91 1961 205 2050 Ipsius
231 1959 400 2050 Philippi,
441 1881 635 2029 Alexaitdri
667 1941 792 2053 patris,
835 1965 977 2066 historia
1005 1966 1139 2054 reliqua
1167 1967 1216 2032 h·-

20 2049 109 2112 hrnm
136 2049 213 2114 VII.
244 2061 278 2112 st
301 2045 600 2135 duos'sequemes
627 2065 785 2140 occupat3
824 2049 1013 2118 interiectis
1040 2065 1154 2116 tamen
1184 2065 1219 2116 et
1300 2063 1304 2068 “

19 2134 145 2200 Phocici
166 2133 248 2198 belli
271 2146 304 2198 et
325 2133 496 2220 originum
522 2134 682 2223 Byzantii
705 2137 870 2219 historiis.
921 2137 1010 2205 Satis
1030 2135 1138 2220 igitur
1159 2157 1229 2202 coa

20 2220 104 2318 piosa
134 2219 284 2308 Philippi
318 2236 374 2288 m
402 2234 513 2308 gestas
543 2243 562 2284 a
592 2236 709 2288 nostro
739 2221 905 2310 scriptore
934 2223 1110 2310 expositas
1134 2245 1218 2303 esse,

21 2328 81 2393 ipse
103 2307 171 2370 iam
196 2305 360 2369 librorum
382 2327 541 2370 numerus
563 2303 707 2387 indicat3
744 2308 914 2396 praesidia
936 2330 1025 2392 uero
1039 2329 1110 2374 non
1133 2331 1221 2374 con-

21 2393 188 2456 temnenda
211 2389 252 2456 ad
275 2389 366 2480 regis
388 2389 564 2456 historiam
584 2392 618 2458 in
641 2393 761 2460 lustini
785 2394 882 2476 libris
903 2393 1070 2460 contineri
1090 2409 1220 2460 certum

24 2493 79 2555 est,
102 2476 287 2544 dnmmodo
311 2475 393 2564 quid
415 2476 488 2562 ipse
510 2479 591 2543 dare
613 2479 761 2544 voluerit
780 2487 872 2544 'recta
889 2494 1021 2561 teneas,
1044 2504 1107 2546 nec
1121 2482 1219 2567 plura

24 2587 109 2650 quarn
120 2583 197 2652 'pro
220 2561 334 2648 operis
357 2562 500 2628 consilio
522 2564 564 2628 ab
587 2585 629 2628 eo
652 2565 843 2652 exspectari
860 2579 1024 2652 possunt,
1062 2568 1220 2656 postula-

23 2651 111 2714 reris.
166 2646 351 2712 Historiam
382 2645 470 2712 anim
500 2649 709 2730 continuant,
748 2675 810 2738 per
840 2651 997 2720 ordinem
1027 2665 1220 2742 temporum

24 2731 192 2820 digestam,
235 2753 274 2797 ac
302 2732 418 2798 critica
447 2747 519 2798 arts
547 2735 779 2802 concinnatam
799 2735 926 2802 frustra
948 2759 1106 2825 quaeras,
1143 2759 1220 2812 cuns

24 2820 77 2884 alia
99 2815 270 2908 copiosius
292 2818 464 2906 exposita,
488 2818 552 2884 alia
568 2819 719 2886 brer-iter
733 2835 1011 2903 commemorata,
1034 2823 1098 2887 alia
1119 2824 1220 2920 plane

23 2906 58 2968 ah
78 2919 117 2972 eo'
138 2905 263 2970 omissa
285 2903 369 2984 sint3
396 2918 587 2990 temporum
609 2917 695 2972 vero'
716 2907 820 2988 ordo,
843 2907 997 2994 quamvis
1017 2907 1054 2972 in
1075 2929 1220 2974 univer·
1303 2983 1305 2988 Ι

24 3015 86 3056 snm
107 2993 307 3058 observatus
330 2989 451 3068 luerit,
474 2989 510 3055 in
528 2991 668 3080 singulis
686 3005 799 3060 tamen
816 2993 972 3058 inversus
990 2993 1043 3058 sit.
1089 2993 1219 3058 Verum

24 3077 190 3166 aliquoties
218 3073 398 3140 incidimus
426 3075 463 3140 in
486 3079 664 3158 nonnulla,
701 3064 788 3168 quai
814 3079 903 3164 apud
927 3077 1011 3144 alios
1034 3077 1218 3159 desideres,

22 3161 61 3227 ita
82 3178 114 3228 ut
128 3159 250 3228 lustini
271 3161 313 3225 de
326 3158 484 3248 Philippo
505 3161 630 3228 tradita
651 3165 861 3253 reliquorum
881 3162 1134 3231 narrationibus
1153 3185 1218 3252 pro

23 3253 243 3336 supplemento
259 3269 332 3312 esse
349 3249 489 3332 possint.
533 3247 634 3331 Quod
657 3265 770 3340 autem
792 3251 835 3316 ad
856 3249 985 3316 fontem
1008 3249 1144 3330 attinet,
1170 3273 1219 3332 ex

23 3357 82 3422 quo
108 3359 167 3400 sua
192 3333 235 3398 de
258 3331 415 3420 Philippo
436 3331 559 3400 tradita
581 3336 733 3403 hauserit
755 3337 911 3426 Trogus,
952 3335 1220 3486 Theopompum

25 3445 92 3486 eum
111 3432 260 3494 secutum
281 3439 372 3496 esse,
394 3416 495 3486 facile
516 3423 698 3503 concedes,
720 3421 890 3491 siluerint
913 3421 956 3486 de
978 3419 1066 3488 Phii
1094 3438 1137 3508 po
1160 3420 1244 3484 iu·-

24 3507 135 3574 dicium
158 3527 235 3573 cum
256 3503 299 3571 iis
320 3505 587 3594 comparaveris,
610 3531 696 3598 quae
718 3507 979 3600 aTheopompo
998 3506 1042 3573 de
1058 3445 1218 3595 ihilippo

58 3755 86 3839 ¹⁵)
106 3758 217 3818 Athen.
237 3780 308 3841 pag.
319 3761 400 3828 1217.
441 3817 443 3834 1
1175 3831 1179 3838 ι

61 3879 99 3964 ss)
128 3877 282 3942 DiodJI.
300 3901 372 3961 pag·
394 3885 469 3944 16³7.
490 3903 531 3942 esc
542 3877 721 3965 fingmento
745 3879 819 3946 libri
840 3881 938 3961 VII„
972 3885 1085 3968 inquo
1110 3868 1221 3971 Theo-
1260 3897 1263 3907 ²
1363 3967 1368 3980 .

97 3989 217 4049 pompus
238 3967 414 4034 nominatim
435 3963 589 4028 laudatur.

60 4086 115 4169 m)
138 4086 189 4176 Cf.
206 4083 322 4152 lichen.
340 4085 365 4149 l.
386 4111 413 4150 c.
434 4090 486 4149 ets·
506 4090 671 4171 scriptores,
692 4095 744 4176 qui
763 4087 1217 4176 seriemregum·Mcc‘etlonioe,
1293 4131 1295 4138 ,

102 4175 211 4238 diuerso
241 4175 413 4238 admodum·
430 4174 537 4251 modo,
572 4179 770 4262 comtituunt,
820 4181 982 4242 enumerati
1012 4181 1219 4242 inueniuntur:

103 4257 273 4324 Nicomedes
306 4261 491 4340 Acanthius,
534 4262 762 4348 Theopompus,
804 4269 1016 4335 Anaximenes
1048 4266 1219 4350 messias,

104 4343 313 4436 Hieronymus,
335 4349 481 4436 Marsyas
503 4361 531 4408 st
552 4345 774 4419 Philochorus..
799 4412 803 4423 ,
